name;Review;Weight;Price_before_discount;Discount;price;Timewindow_discount;Origin;Brand;Id;Url;Subcategory;time;Swiss_product;Discount_relative;Price_higher_avg;Last_char_price;Is_last_char_9;main_category;BIO;Date;Word_count;Unit;amount;price per 100g/pice;Weight_unit;Discount_start_date;Discount_end_date;Discount_start_day;Discount_end_day;Discount_duration;Discount_exist;Last_Available_Date;Product_new;Store
Bio Quinoa tricolore;0.0;pro 400g | 100g = 0.89 CHF;;;3.55;;unknown;Crownfild;119437;https://sortiment.lidl.ch/de/bio-quinoa-tricolore-0119437;Hülsenfrüchte;2024-10-27 23:06:55.411551;unknown;;yes;5;no;Obst;yes;2024-10-27;3;400g;400g;0.89;g;;;;;;no;;;lidl
Bio Quinoa tricolore;0.0;pro 400g | 100g = 0.89 CHF;;;3.55;;unknown;Crownfild;119437;https://sortiment.lidl.ch/de/bio-quinoa-tricolore-0119437;Hülsenfrüchte;2024-10-28 18:00:51.015288;unknown;;yes;5;no;Obst;yes;2024-10-28;3;400g;400g;0.89;g;;;;;;no;2024-10-27;no;lidl
Bio Quinoa tricolore;0.0;pro 400g | 100g = 0.89 CHF;;;3.55;;unknown;Crownfild;119437;https://sortiment.lidl.ch/de/bio-quinoa-tricolore-0119437;Hülsenfrüchte;2024-10-29 19:54:18.207193;unknown;;yes;5;no;Obst;yes;2024-10-29;3;400g;400g;0.89;g;;;;;;no;2024-10-28;no;lidl
Bio Quinoa tricolore;0.0;pro 400g | 100g = 0.89 CHF;;;3.55;;unknown;Crownfild;119437;https://sortiment.lidl.ch/de/bio-quinoa-tricolore-0119437;Hülsenfrüchte;2024-10-30 20:51:01.157397;unknown;;yes;5;no;Obst;yes;2024-10-30;3;400g;400g;0.89;g;;;;;;no;2024-10-29;no;lidl
Bio Quinoa tricolore;0.0;pro 400g | 100g = 0.89 CHF;;;3.55;;unknown;Golden Sun;119437;https://sortiment.lidl.ch/de/bio-quinoa-tricolore-0119437;Hülsenfrüchte;2024-10-31 10:28:23.800286;unknown;;yes;5;no;Obst;yes;2024-10-31;3;400g;400g;0.89;g;;;;;;no;2024-10-30;no;lidl
Bio Quinoa tricolore;0.0;pro 400g | 100g = 0.89 CHF;;;3.55;;unknown;Golden Sun;119437;https://sortiment.lidl.ch/de/bio-quinoa-tricolore-0119437;Hülsenfrüchte;2024-11-01 09:03:50.881119;unknown;;yes;5;no;Obst;yes;2024-11-01;3;400g;400g;0.89;g;;;;;;no;2024-10-31;no;lidl
Bio Quinoa tricolore;0.0;pro 400g | 100g = 0.89 CHF;;;3.55;;unknown;Golden Sun;119437;https://sortiment.lidl.ch/de/bio-quinoa-tricolore-0119437;Hülsenfrüchte;2024-11-03 17:40:10.068931;unknown;;yes;5;no;Obst;yes;2024-11-03;3;400g;400g;0.89;g;;;;;;no;2024-11-01;no;lidl
Bio Quinoa tricolore;0.0;pro 400g | 100g = 0.89 CHF;;;3.55;;unknown;Golden Sun;119437;https://sortiment.lidl.ch/de/bio-quinoa-tricolore-0119437;Hülsenfrüchte;2024-11-04 17:18:40.294488;unknown;;yes;5;no;Obst;yes;2024-11-04;3;400g;400g;0.89;g;;;;;;no;2024-11-03;no;lidl
Bio Hülsenfrüchte;1.0;pro 500g | 100g = 0.46 CHF;;;2.29;;unknown;Golden Sun;119562;https://sortiment.lidl.ch/de/bio-huelsenfruechte-0119562;Hülsenfrüchte;2024-10-27 23:06:55.411551;unknown;;no;9;yes;Obst;yes;2024-10-27;2;500g;500g;0.46;g;;;;;;no;;;lidl
Bio Hülsenfrüchte;1.0;pro 500g | 100g = 0.46 CHF;;;2.29;;unknown;Golden Sun;119562;https://sortiment.lidl.ch/de/bio-huelsenfruechte-0119562;Hülsenfrüchte;2024-10-28 18:00:51.015288;unknown;;no;9;yes;Obst;yes;2024-10-28;2;500g;500g;0.46;g;;;;;;no;2024-10-27;no;lidl
Bio Hülsenfrüchte;1.0;pro 500g | 100g = 0.46 CHF;;;2.29;;unknown;Golden Sun;119562;https://sortiment.lidl.ch/de/bio-huelsenfruechte-0119562;Hülsenfrüchte;2024-10-29 19:54:18.207193;unknown;;no;9;yes;Obst;yes;2024-10-29;2;500g;500g;0.46;g;;;;;;no;2024-10-28;no;lidl
Bio Hülsenfrüchte;1.0;pro 500g | 100g = 0.46 CHF;;;2.29;;unknown;Golden Sun;119562;https://sortiment.lidl.ch/de/bio-huelsenfruechte-0119562;Hülsenfrüchte;2024-10-30 20:51:01.157397;unknown;;no;9;yes;Obst;yes;2024-10-30;2;500g;500g;0.46;g;;;;;;no;2024-10-29;no;lidl
Bio Hülsenfrüchte;1.0;pro 500g | 100g = 0.46 CHF;;;2.29;;unknown;Golden Sun;119562;https://sortiment.lidl.ch/de/bio-huelsenfruechte-0119562;Hülsenfrüchte;2024-10-31 10:28:23.800286;unknown;;no;9;yes;Obst;yes;2024-10-31;2;500g;500g;0.46;g;;;;;;no;2024-10-30;no;lidl
Bio Hülsenfrüchte;1.0;pro 500g | 100g = 0.46 CHF;;;2.29;;unknown;Golden Sun;119562;https://sortiment.lidl.ch/de/bio-huelsenfruechte-0119562;Hülsenfrüchte;2024-11-01 09:03:50.881119;unknown;;no;9;yes;Obst;yes;2024-11-01;2;500g;500g;0.46;g;;;;;;no;2024-10-31;no;lidl
Bio Hülsenfrüchte;1.0;pro 500g | 100g = 0.46 CHF;;;2.29;;unknown;Golden Sun;119562;https://sortiment.lidl.ch/de/bio-huelsenfruechte-0119562;Hülsenfrüchte;2024-11-03 17:40:10.068931;unknown;;no;9;yes;Obst;yes;2024-11-03;2;500g;500g;0.46;g;;;;;;no;2024-11-01;no;lidl
Bio Hülsenfrüchte;1.0;pro 500g | 100g = 0.46 CHF;;;2.29;;unknown;Golden Sun;119562;https://sortiment.lidl.ch/de/bio-huelsenfruechte-0119562;Hülsenfrüchte;2024-11-04 17:18:40.294488;unknown;;no;9;yes;Obst;yes;2024-11-04;2;500g;500g;0.46;g;;;;;;no;2024-11-03;no;lidl
Solomania Dörrbohnen;0.0;pro 100g |;;;4.79;;unknown;Solomania;5103950;https://sortiment.lidl.ch/de/solomania-doerrbohnen-5103950;Hülsenfrüchte;2024-10-27 23:06:55.411551;unknown;;yes;9;yes;Obst;no;2024-10-27;2;100g;100g;4.79;g;;;;;;no;;;lidl
Solomania Dörrbohnen;0.0;pro 100g |;;;4.79;;unknown;Solomania;5103950;https://sortiment.lidl.ch/de/solomania-doerrbohnen-5103950;Hülsenfrüchte;2024-10-28 18:00:51.015288;unknown;;yes;9;yes;Obst;no;2024-10-28;2;100g;100g;4.79;g;;;;;;no;2024-10-27;no;lidl
Solomania Dörrbohnen;0.0;pro 100g |;;;4.79;;unknown;Solomania;5103950;https://sortiment.lidl.ch/de/solomania-doerrbohnen-5103950;Hülsenfrüchte;2024-10-29 19:54:18.207193;unknown;;yes;9;yes;Obst;no;2024-10-29;2;100g;100g;4.79;g;;;;;;no;2024-10-28;no;lidl
Solomania Dörrbohnen;0.0;pro 100g |;;;4.79;;unknown;Solomania;5103950;https://sortiment.lidl.ch/de/solomania-doerrbohnen-5103950;Hülsenfrüchte;2024-10-30 20:51:01.157397;unknown;;yes;9;yes;Obst;no;2024-10-30;2;100g;100g;4.79;g;;;;;;no;2024-10-29;no;lidl
Solomania Dörrbohnen;0.0;pro 100g |;;;4.79;;unknown;Solomania;5103950;https://sortiment.lidl.ch/de/solomania-doerrbohnen-5103950;Hülsenfrüchte;2024-10-31 10:28:23.800286;unknown;;yes;9;yes;Obst;no;2024-10-31;2;100g;100g;4.79;g;;;;;;no;2024-10-30;no;lidl
Solomania Dörrbohnen;0.0;pro 100g |;;;4.79;;unknown;Solomania;5103950;https://sortiment.lidl.ch/de/solomania-doerrbohnen-5103950;Hülsenfrüchte;2024-11-01 09:03:50.881119;unknown;;yes;9;yes;Obst;no;2024-11-01;2;100g;100g;4.79;g;;;;;;no;2024-10-31;no;lidl
Solomania Dörrbohnen;0.0;pro 100g |;;;4.79;;unknown;Solomania;5103950;https://sortiment.lidl.ch/de/solomania-doerrbohnen-5103950;Hülsenfrüchte;2024-11-03 17:40:10.068931;unknown;;yes;9;yes;Obst;no;2024-11-03;2;100g;100g;4.79;g;;;;;;no;2024-11-01;no;lidl
Solomania Dörrbohnen;0.0;pro 100g |;;;4.79;;unknown;Solomania;5103950;https://sortiment.lidl.ch/de/solomania-doerrbohnen-5103950;Hülsenfrüchte;2024-11-04 17:18:40.294488;unknown;;yes;9;yes;Obst;no;2024-11-04;2;100g;100g;4.79;g;;;;;;no;2024-11-03;no;lidl
Bananen;97.0;pro 1kg |  |;1.29;-23%;0.99;24.10. - 30.10.;variabel;Rainforest Alliance;80000;https://sortiment.lidl.ch/de/bananen-0080000;Obst;2024-10-27 23:06:55.411551;no;0.23;no;9;yes;Obst;no;2024-10-27;1;1kg;1000g;0.1;g;2024-10-24;2024-10-30;Thursday;Wednesday;6 days;yes;;;lidl
Bananen;97.0;pro 1kg |  |;1.29;-23%;0.99;24.10. - 30.10.;variabel;Rainforest Alliance;80000;https://sortiment.lidl.ch/de/bananen-0080000;Obst;2024-10-28 18:00:51.015288;no;0.23;no;9;yes;Obst;no;2024-10-28;1;1kg;1000g;0.1;g;2024-10-24;2024-10-30;Thursday;Wednesday;6 days;yes;2024-10-27;no;lidl
Bananen;97.0;pro 1kg |  |;1.29;-23%;0.99;24.10. - 30.10.;variabel;Rainforest Alliance;80000;https://sortiment.lidl.ch/de/bananen-0080000;Obst;2024-10-29 19:54:18.207193;no;0.23;no;9;yes;Obst;no;2024-10-29;1;1kg;1000g;0.1;g;2024-10-24;2024-10-30;Thursday;Wednesday;6 days;yes;2024-10-28;no;lidl
Bananen;97.0;pro 1kg |  |;1.29;-23%;0.99;24.10. - 30.10.;variabel;Rainforest Alliance;80000;https://sortiment.lidl.ch/de/bananen-0080000;Obst;2024-10-30 20:51:01.157397;no;0.23;no;9;yes;Obst;no;2024-10-30;1;1kg;1000g;0.1;g;2024-10-24;2024-10-30;Thursday;Wednesday;6 days;yes;2024-10-29;no;lidl
Bananen;97.0;pro 1kg |;;;1.29;;variabel;Rainforest Alliance;80000;https://sortiment.lidl.ch/de/bananen-0080000;Obst;2024-10-31 10:28:23.800286;no;;no;9;yes;Obst;no;2024-10-31;1;1kg;1000g;0.13;g;;;;;;no;2024-10-30;no;lidl
Bananen;97.0;pro 1kg |;;;1.29;;variabel;Rainforest Alliance;80000;https://sortiment.lidl.ch/de/bananen-0080000;Obst;2024-11-01 09:03:50.881119;no;;no;9;yes;Obst;no;2024-11-01;1;1kg;1000g;0.13;g;;;;;;no;2024-10-31;no;lidl
Bananen;98.0;pro 1kg |;;;1.29;;variabel;Rainforest Alliance;80000;https://sortiment.lidl.ch/de/bananen-0080000;Obst;2024-11-03 17:40:10.068931;no;;no;9;yes;Obst;no;2024-11-03;1;1kg;1000g;0.13;g;;;;;;no;2024-11-01;no;lidl
Bananen;98.0;pro 1kg |;;;1.29;;variabel;Rainforest Alliance;80000;https://sortiment.lidl.ch/de/bananen-0080000;Obst;2024-11-04 17:18:40.294488;no;;no;9;yes;Obst;no;2024-11-04;1;1kg;1000g;0.13;g;;;;;;no;2024-11-03;no;lidl
Grapefruit;8.0;pro Stück |;;;0.79;;variabel;;80041;https://sortiment.lidl.ch/de/grapefruit-0080041;Obst;2024-10-27 23:06:55.411551;no;;no;9;yes;Obst;no;2024-10-27;1;Stück;1 Stück;0.79;Stück;;;;;;no;;;lidl
Grapefruit;8.0;pro Stück |;;;0.79;;variabel;;80041;https://sortiment.lidl.ch/de/grapefruit-0080041;Obst;2024-10-28 18:00:51.015288;no;;no;9;yes;Obst;no;2024-10-28;1;Stück;1 Stück;0.79;Stück;;;;;;no;2024-10-27;no;lidl
Grapefruit;8.0;pro Stück |;;;0.79;;variabel;;80041;https://sortiment.lidl.ch/de/grapefruit-0080041;Obst;2024-10-29 19:54:18.207193;no;;no;9;yes;Obst;no;2024-10-29;1;Stück;1 Stück;0.79;Stück;;;;;;no;2024-10-28;no;lidl
Grapefruit;8.0;pro Stück |;;;0.79;;variabel;;80041;https://sortiment.lidl.ch/de/grapefruit-0080041;Obst;2024-10-30 20:51:01.157397;no;;no;9;yes;Obst;no;2024-10-30;1;Stück;1 Stück;0.79;Stück;;;;;;no;2024-10-29;no;lidl
Grapefruit;8.0;pro Stück |;;;0.79;;variabel;;80041;https://sortiment.lidl.ch/de/grapefruit-0080041;Obst;2024-10-31 10:28:23.800286;no;;no;9;yes;Obst;no;2024-10-31;1;Stück;1 Stück;0.79;Stück;;;;;;no;2024-10-30;no;lidl
Grapefruit;8.0;pro Stück |;;;0.79;;variabel;;80041;https://sortiment.lidl.ch/de/grapefruit-0080041;Obst;2024-11-01 09:03:50.881119;no;;no;9;yes;Obst;no;2024-11-01;1;Stück;1 Stück;0.79;Stück;;;;;;no;2024-10-31;no;lidl
Grapefruit;8.0;pro Stück |;;;0.79;;variabel;;80041;https://sortiment.lidl.ch/de/grapefruit-0080041;Obst;2024-11-03 17:40:10.068931;no;;no;9;yes;Obst;no;2024-11-03;1;Stück;1 Stück;0.79;Stück;;;;;;no;2024-11-01;no;lidl
Grapefruit;8.0;pro Stück |;;;0.79;;variabel;;80041;https://sortiment.lidl.ch/de/grapefruit-0080041;Obst;2024-11-04 17:18:40.294488;no;;no;9;yes;Obst;no;2024-11-04;1;Stück;1 Stück;0.79;Stück;;;;;;no;2024-11-03;no;lidl
Honigpomelo;2.0;pro Stück |;;;2.99;;variabel;;80056;https://sortiment.lidl.ch/de/honigpomelo-0080056;Obst;2024-10-27 23:06:55.411551;no;;yes;9;yes;Obst;no;2024-10-27;1;Stück;1 Stück;2.99;Stück;;;;;;no;;;lidl
Honigpomelo;2.0;pro Stück |;;;2.99;;variabel;;80056;https://sortiment.lidl.ch/de/honigpomelo-0080056;Obst;2024-10-28 18:00:51.015288;no;;yes;9;yes;Obst;no;2024-10-28;1;Stück;1 Stück;2.99;Stück;;;;;;no;2024-10-27;no;lidl
Honigpomelo;2.0;pro Stück |;;;2.99;;variabel;;80056;https://sortiment.lidl.ch/de/honigpomelo-0080056;Obst;2024-10-29 19:54:18.207193;no;;yes;9;yes;Obst;no;2024-10-29;1;Stück;1 Stück;2.99;Stück;;;;;;no;2024-10-28;no;lidl
Honigpomelo;2.0;pro Stück |;;;2.99;;variabel;;80056;https://sortiment.lidl.ch/de/honigpomelo-0080056;Obst;2024-10-30 20:51:01.157397;no;;yes;9;yes;Obst;no;2024-10-30;1;Stück;1 Stück;2.99;Stück;;;;;;no;2024-10-29;no;lidl
Honigpomelo;2.0;pro Stück |;;;2.99;;variabel;;80056;https://sortiment.lidl.ch/de/honigpomelo-0080056;Obst;2024-10-31 10:28:23.800286;no;;yes;9;yes;Obst;no;2024-10-31;1;Stück;1 Stück;2.99;Stück;;;;;;no;2024-10-30;no;lidl
Honigpomelo;2.0;pro Stück |;;;2.49;;variabel;;80056;https://sortiment.lidl.ch/de/honigpomelo-0080056;Obst;2024-11-01 09:03:50.881119;no;;yes;9;yes;Obst;no;2024-11-01;1;Stück;1 Stück;2.49;Stück;;;;;;no;2024-10-31;no;lidl
Honigpomelo;2.0;pro Stück |;;;2.49;;variabel;;80056;https://sortiment.lidl.ch/de/honigpomelo-0080056;Obst;2024-11-03 17:40:10.068931;no;;yes;9;yes;Obst;no;2024-11-03;1;Stück;1 Stück;2.49;Stück;;;;;;no;2024-11-01;no;lidl
Honigpomelo;2.0;pro Stück |;;;2.49;;variabel;;80056;https://sortiment.lidl.ch/de/honigpomelo-0080056;Obst;2024-11-04 17:18:40.294488;no;;yes;9;yes;Obst;no;2024-11-04;1;Stück;1 Stück;2.49;Stück;;;;;;no;2024-11-03;no;lidl
Clementinen;4.0;pro 1kg |;2.29;-34%;1.49;24.10. - 30.10.;variabel;;80085;https://sortiment.lidl.ch/de/clementinen-0080085;Obst;2024-10-27 23:06:55.411551;no;0.35;no;9;yes;Obst;no;2024-10-27;1;1kg;1000g;0.15;g;2024-10-24;2024-10-30;Thursday;Wednesday;6 days;yes;;;lidl
Clementinen;4.0;pro 1kg |;2.29;-34%;1.49;24.10. - 30.10.;variabel;;80085;https://sortiment.lidl.ch/de/clementinen-0080085;Obst;2024-10-28 18:00:51.015288;no;0.35;no;9;yes;Obst;no;2024-10-28;1;1kg;1000g;0.15;g;2024-10-24;2024-10-30;Thursday;Wednesday;6 days;yes;2024-10-27;no;lidl
Clementinen;4.0;pro 1kg |;2.29;-34%;1.49;24.10. - 30.10.;variabel;;80085;https://sortiment.lidl.ch/de/clementinen-0080085;Obst;2024-10-29 19:54:18.207193;no;0.35;no;9;yes;Obst;no;2024-10-29;1;1kg;1000g;0.15;g;2024-10-24;2024-10-30;Thursday;Wednesday;6 days;yes;2024-10-28;no;lidl
Clementinen;4.0;pro 1kg |;2.29;-34%;1.49;24.10. - 30.10.;variabel;;80085;https://sortiment.lidl.ch/de/clementinen-0080085;Obst;2024-10-30 20:51:01.157397;no;0.35;no;9;yes;Obst;no;2024-10-30;1;1kg;1000g;0.15;g;2024-10-24;2024-10-30;Thursday;Wednesday;6 days;yes;2024-10-29;no;lidl
Clementinen;4.0;pro 1kg |;;;2.29;;variabel;;80085;https://sortiment.lidl.ch/de/clementinen-0080085;Obst;2024-10-31 10:28:23.800286;no;;no;9;yes;Obst;no;2024-10-31;1;1kg;1000g;0.23;g;;;;;;no;2024-10-30;no;lidl
Clementinen;4.0;pro 1kg |;;;2.29;;variabel;;80085;https://sortiment.lidl.ch/de/clementinen-0080085;Obst;2024-11-01 09:03:50.881119;no;;no;9;yes;Obst;no;2024-11-01;1;1kg;1000g;0.23;g;;;;;;no;2024-10-31;no;lidl
Clementinen;4.0;pro 1kg |;;;2.29;;variabel;;80085;https://sortiment.lidl.ch/de/clementinen-0080085;Obst;2024-11-03 17:40:10.068931;no;;no;9;yes;Obst;no;2024-11-03;1;1kg;1000g;0.23;g;;;;;;no;2024-11-01;no;lidl
Clementinen;4.0;pro 1kg |;;;2.29;;variabel;;80085;https://sortiment.lidl.ch/de/clementinen-0080085;Obst;2024-11-04 17:18:40.294488;no;;no;9;yes;Obst;no;2024-11-04;1;1kg;1000g;0.23;g;;;;;;no;2024-11-03;no;lidl
Clementinen 1kg;0.0;pro 1kg |;;;1.79;;Spanien;;80088;https://sortiment.lidl.ch/de/clementinen-1kg-0080088;Obst;2024-10-27 23:06:55.411551;no;;no;9;yes;Obst;no;2024-10-27;2;1kg;1000g;0.18;g;;;;;;no;;;lidl
Clementinen 1kg;0.0;pro 1kg |;;;1.79;;Spanien;;80088;https://sortiment.lidl.ch/de/clementinen-1kg-0080088;Obst;2024-10-28 18:00:51.015288;no;;no;9;yes;Obst;no;2024-10-28;2;1kg;1000g;0.18;g;;;;;;no;2024-10-27;no;lidl
Clementinen 1kg;0.0;pro 1kg |;;;1.79;;Spanien;;80088;https://sortiment.lidl.ch/de/clementinen-1kg-0080088;Obst;2024-10-29 19:54:18.207193;no;;no;9;yes;Obst;no;2024-10-29;2;1kg;1000g;0.18;g;;;;;;no;2024-10-28;no;lidl
Clementinen 1kg;0.0;pro 1kg |;;;1.79;;Spanien;;80088;https://sortiment.lidl.ch/de/clementinen-1kg-0080088;Obst;2024-10-30 20:51:01.157397;no;;no;9;yes;Obst;no;2024-10-30;2;1kg;1000g;0.18;g;;;;;;no;2024-10-29;no;lidl
Clementinen 1kg;0.0;pro 1kg |;;;1.79;;Spanien;;80088;https://sortiment.lidl.ch/de/clementinen-1kg-0080088;Obst;2024-10-31 10:28:23.800286;no;;no;9;yes;Obst;no;2024-10-31;2;1kg;1000g;0.18;g;;;;;;no;2024-10-30;no;lidl
Clementinen 1kg;0.0;pro 1kg |;;;1.79;;Spanien;;80088;https://sortiment.lidl.ch/de/clementinen-1kg-0080088;Obst;2024-11-01 09:03:50.881119;no;;no;9;yes;Obst;no;2024-11-01;2;1kg;1000g;0.18;g;;;;;;no;2024-10-31;no;lidl
Clementinen 1kg;0.0;pro 1kg |;;;1.79;;Spanien;;80088;https://sortiment.lidl.ch/de/clementinen-1kg-0080088;Obst;2024-11-03 17:40:10.068931;no;;no;9;yes;Obst;no;2024-11-03;2;1kg;1000g;0.18;g;;;;;;no;2024-11-01;no;lidl
Clementinen 1kg;0.0;pro 1kg |;;;1.79;;Spanien;;80088;https://sortiment.lidl.ch/de/clementinen-1kg-0080088;Obst;2024-11-04 17:18:40.294488;no;;no;9;yes;Obst;no;2024-11-04;2;1kg;1000g;0.18;g;;;;;;no;2024-11-03;no;lidl
Clementinen 2,3kg;0.0;pro 2,3kg | 1Kg = 1.74 CHF;;;3.99;;Spanien;;80092;https://sortiment.lidl.ch/de/clementinen-2-3kg-0080092;Obst;2024-10-27 23:06:55.411551;no;;yes;9;yes;Obst;no;2024-10-27;2;2,3kg;2300g;0.17;g;;;;;;no;;;lidl
Clementinen 2,3kg;0.0;pro 2,3kg | 1Kg = 1.74 CHF;;;3.99;;Spanien;;80092;https://sortiment.lidl.ch/de/clementinen-2-3kg-0080092;Obst;2024-10-28 18:00:51.015288;no;;yes;9;yes;Obst;no;2024-10-28;2;2,3kg;2300g;0.17;g;;;;;;no;2024-10-27;no;lidl
Clementinen 2,3kg;0.0;pro 2,3kg | 1Kg = 1.74 CHF;;;3.99;;Spanien;;80092;https://sortiment.lidl.ch/de/clementinen-2-3kg-0080092;Obst;2024-10-29 19:54:18.207193;no;;yes;9;yes;Obst;no;2024-10-29;2;2,3kg;2300g;0.17;g;;;;;;no;2024-10-28;no;lidl
Clementinen 2,3kg;0.0;pro 2,3kg | 1Kg = 1.74 CHF;;;3.99;;Spanien;;80092;https://sortiment.lidl.ch/de/clementinen-2-3kg-0080092;Obst;2024-10-30 20:51:01.157397;no;;yes;9;yes;Obst;no;2024-10-30;2;2,3kg;2300g;0.17;g;;;;;;no;2024-10-29;no;lidl
Clementinen 2,3kg;0.0;pro 2,3kg | 1Kg = 1.74 CHF;;;3.99;;Spanien;;80092;https://sortiment.lidl.ch/de/clementinen-2-3kg-0080092;Obst;2024-10-31 10:28:23.800286;no;;yes;9;yes;Obst;no;2024-10-31;2;2,3kg;2300g;0.17;g;;;;;;no;2024-10-30;no;lidl
Clementinen 2,3kg;0.0;pro 2,3kg | 1Kg = 1.74 CHF;;;3.99;;Spanien;;80092;https://sortiment.lidl.ch/de/clementinen-2-3kg-0080092;Obst;2024-11-01 09:03:50.881119;no;;yes;9;yes;Obst;no;2024-11-01;2;2,3kg;2300g;0.17;g;;;;;;no;2024-10-31;no;lidl
Clementinen 2,3kg;0.0;pro 2,3kg | 1Kg = 1.74 CHF;;;3.99;;Spanien;;80092;https://sortiment.lidl.ch/de/clementinen-2-3kg-0080092;Obst;2024-11-03 17:40:10.068931;no;;yes;9;yes;Obst;no;2024-11-03;2;2,3kg;2300g;0.17;g;;;;;;no;2024-11-01;no;lidl
Clementinen 2,3kg;0.0;pro 2,3kg | 1Kg = 1.74 CHF;;;3.99;;Spanien;;80092;https://sortiment.lidl.ch/de/clementinen-2-3kg-0080092;Obst;2024-11-04 17:18:40.294488;no;;yes;9;yes;Obst;no;2024-11-04;2;2,3kg;2300g;0.17;g;;;;;;no;2024-11-03;no;lidl
Orangen;3.0;pro 1kg |;;;1.99;;Spanien;;80135;https://sortiment.lidl.ch/de/orangen-0080135;Obst;2024-10-27 23:06:55.411551;no;;no;9;yes;Obst;no;2024-10-27;1;1kg;1000g;0.2;g;;;;;;no;;;lidl
Orangen;3.0;pro 1kg |;;;1.99;;Spanien;;80135;https://sortiment.lidl.ch/de/orangen-0080135;Obst;2024-10-28 18:00:51.015288;no;;no;9;yes;Obst;no;2024-10-28;1;1kg;1000g;0.2;g;;;;;;no;2024-10-27;no;lidl
Orangen;3.0;pro 1kg |;;;1.99;;Spanien;;80135;https://sortiment.lidl.ch/de/orangen-0080135;Obst;2024-10-29 19:54:18.207193;no;;no;9;yes;Obst;no;2024-10-29;1;1kg;1000g;0.2;g;;;;;;no;2024-10-28;no;lidl
Orangen;3.0;pro 1kg |;;;1.99;;Spanien;;80135;https://sortiment.lidl.ch/de/orangen-0080135;Obst;2024-10-30 20:51:01.157397;no;;no;9;yes;Obst;no;2024-10-30;1;1kg;1000g;0.2;g;;;;;;no;2024-10-29;no;lidl
Orangen;3.0;pro 1kg |;;;1.99;;Spanien;;80135;https://sortiment.lidl.ch/de/orangen-0080135;Obst;2024-10-31 10:28:23.800286;no;;no;9;yes;Obst;no;2024-10-31;1;1kg;1000g;0.2;g;;;;;;no;2024-10-30;no;lidl
Orangen;3.0;pro 1kg |;;;1.99;;Spanien;;80135;https://sortiment.lidl.ch/de/orangen-0080135;Obst;2024-11-01 09:03:50.881119;no;;no;9;yes;Obst;no;2024-11-01;1;1kg;1000g;0.2;g;;;;;;no;2024-10-31;no;lidl
Orangen;3.0;pro 1kg |;;;1.99;;Spanien;;80135;https://sortiment.lidl.ch/de/orangen-0080135;Obst;2024-11-03 17:40:10.068931;no;;no;9;yes;Obst;no;2024-11-03;1;1kg;1000g;0.2;g;;;;;;no;2024-11-01;no;lidl
Orangen;3.0;pro 1kg |;;;1.99;;Spanien;;80135;https://sortiment.lidl.ch/de/orangen-0080135;Obst;2024-11-04 17:18:40.294488;no;;no;9;yes;Obst;no;2024-11-04;1;1kg;1000g;0.2;g;;;;;;no;2024-11-03;no;lidl
Orangen 1,5kg;1.0;pro 1.5kg | 1Kg = 1.50 CHF;;;2.25;;variabel;;80141;https://sortiment.lidl.ch/de/orangen-1-5kg-0080141;Obst;2024-10-27 23:06:55.411551;no;;no;5;no;Obst;no;2024-10-27;2;1.5kg;1500g;0.15;g;;;;;;no;;;lidl
Orangen 1,5kg;1.0;pro 1.5kg | 1Kg = 1.50 CHF;;;2.25;;variabel;;80141;https://sortiment.lidl.ch/de/orangen-1-5kg-0080141;Obst;2024-10-28 18:00:51.015288;no;;no;5;no;Obst;no;2024-10-28;2;1.5kg;1500g;0.15;g;;;;;;no;2024-10-27;no;lidl
Orangen 1,5kg;1.0;pro 1.5kg | 1Kg = 1.50 CHF;;;2.25;;variabel;;80141;https://sortiment.lidl.ch/de/orangen-1-5kg-0080141;Obst;2024-10-29 19:54:18.207193;no;;no;5;no;Obst;no;2024-10-29;2;1.5kg;1500g;0.15;g;;;;;;no;2024-10-28;no;lidl
Orangen 1,5kg;1.0;pro 1.5kg | 1Kg = 1.50 CHF;;;2.25;;variabel;;80141;https://sortiment.lidl.ch/de/orangen-1-5kg-0080141;Obst;2024-10-30 20:51:01.157397;no;;no;5;no;Obst;no;2024-10-30;2;1.5kg;1500g;0.15;g;;;;;;no;2024-10-29;no;lidl
Orangen 1,5kg;1.0;pro 1.5kg | 1Kg = 1.50 CHF;;;2.25;;variabel;;80141;https://sortiment.lidl.ch/de/orangen-1-5kg-0080141;Obst;2024-10-31 10:28:23.800286;no;;no;5;no;Obst;no;2024-10-31;2;1.5kg;1500g;0.15;g;;;;;;no;2024-10-30;no;lidl
Orangen 1,5kg;1.0;pro 1.5kg | 1Kg = 1.50 CHF;;;2.25;;variabel;;80141;https://sortiment.lidl.ch/de/orangen-1-5kg-0080141;Obst;2024-11-01 09:03:50.881119;no;;no;5;no;Obst;no;2024-11-01;2;1.5kg;1500g;0.15;g;;;;;;no;2024-10-31;no;lidl
Orangen 1,5kg;1.0;pro 1.5kg | 1Kg = 1.50 CHF;;;2.25;;variabel;;80141;https://sortiment.lidl.ch/de/orangen-1-5kg-0080141;Obst;2024-11-03 17:40:10.068931;no;;no;5;no;Obst;no;2024-11-03;2;1.5kg;1500g;0.15;g;;;;;;no;2024-11-01;no;lidl
Orangen 1,5kg;1.0;pro 1.5kg | 1Kg = 1.50 CHF;;;2.25;;variabel;;80141;https://sortiment.lidl.ch/de/orangen-1-5kg-0080141;Obst;2024-11-04 17:18:40.294488;no;;no;5;no;Obst;no;2024-11-04;2;1.5kg;1500g;0.15;g;;;;;;no;2024-11-03;no;lidl
Orangen 2kg;3.0;pro 2kg | 1Kg = 1.50 CHF;;;2.99;;variabel;;80142;https://sortiment.lidl.ch/de/orangen-2kg-0080142;Obst;2024-10-27 23:06:55.411551;no;;yes;9;yes;Obst;no;2024-10-27;2;2kg;2000g;0.15;g;;;;;;no;;;lidl
Orangen 2kg;3.0;pro 2kg | 1Kg = 1.50 CHF;;;2.99;;variabel;;80142;https://sortiment.lidl.ch/de/orangen-2kg-0080142;Obst;2024-10-28 18:00:51.015288;no;;yes;9;yes;Obst;no;2024-10-28;2;2kg;2000g;0.15;g;;;;;;no;2024-10-27;no;lidl
Orangen 2kg;3.0;pro 2kg | 1Kg = 1.50 CHF;;;2.99;;variabel;;80142;https://sortiment.lidl.ch/de/orangen-2kg-0080142;Obst;2024-10-29 19:54:18.207193;no;;yes;9;yes;Obst;no;2024-10-29;2;2kg;2000g;0.15;g;;;;;;no;2024-10-28;no;lidl
Orangen 2kg;3.0;pro 2kg | 1Kg = 1.50 CHF;;;2.99;;variabel;;80142;https://sortiment.lidl.ch/de/orangen-2kg-0080142;Obst;2024-10-30 20:51:01.157397;no;;yes;9;yes;Obst;no;2024-10-30;2;2kg;2000g;0.15;g;;;;;;no;2024-10-29;no;lidl
Orangen 2kg;3.0;pro 2kg | LP 1kg = 1.10 CHF;2.99;-26%;2.19;31.10. - 6.11.;variabel;;80142;https://sortiment.lidl.ch/de/orangen-2kg-0080142;Obst;2024-10-31 10:28:23.800286;no;0.27;no;9;yes;Obst;no;2024-10-31;2;2kg;2000g;0.11;g;2024-10-31;2024-11-06;Thursday;Wednesday;6 days;yes;2024-10-30;no;lidl
Orangen 2kg;3.0;pro 2kg | LP 1kg = 1.10 CHF;2.99;-26%;2.19;31.10. - 6.11.;variabel;;80142;https://sortiment.lidl.ch/de/orangen-2kg-0080142;Obst;2024-11-01 09:03:50.881119;no;0.27;no;9;yes;Obst;no;2024-11-01;2;2kg;2000g;0.11;g;2024-10-31;2024-11-06;Thursday;Wednesday;6 days;yes;2024-10-31;no;lidl
Orangen 2kg;3.0;pro 2kg | LP 1kg = 1.10 CHF;2.99;-26%;2.19;31.10. - 6.11.;variabel;;80142;https://sortiment.lidl.ch/de/orangen-2kg-0080142;Obst;2024-11-03 17:40:10.068931;no;0.27;no;9;yes;Obst;no;2024-11-03;2;2kg;2000g;0.11;g;2024-10-31;2024-11-06;Thursday;Wednesday;6 days;yes;2024-11-01;no;lidl
Orangen 2kg;3.0;pro 2kg | LP 1kg = 1.10 CHF;2.99;-26%;2.19;31.10. - 6.11.;variabel;;80142;https://sortiment.lidl.ch/de/orangen-2kg-0080142;Obst;2024-11-04 17:18:40.294488;no;0.27;no;9;yes;Obst;no;2024-11-04;2;2kg;2000g;0.11;g;2024-10-31;2024-11-06;Thursday;Wednesday;6 days;yes;2024-11-03;no;lidl
Zitrone;33.0;pro Stück |;;;0.39;;variabel;;80161;https://sortiment.lidl.ch/de/zitrone-0080161;Obst;2024-10-27 23:06:55.411551;no;;no;9;yes;Obst;no;2024-10-27;1;Stück;1 Stück;0.39;Stück;;;;;;no;;;lidl
Zitrone;33.0;pro Stück |;;;0.39;;variabel;;80161;https://sortiment.lidl.ch/de/zitrone-0080161;Obst;2024-10-28 18:00:51.015288;no;;no;9;yes;Obst;no;2024-10-28;1;Stück;1 Stück;0.39;Stück;;;;;;no;2024-10-27;no;lidl
Zitrone;33.0;pro Stück |;;;0.39;;variabel;;80161;https://sortiment.lidl.ch/de/zitrone-0080161;Obst;2024-10-29 19:54:18.207193;no;;no;9;yes;Obst;no;2024-10-29;1;Stück;1 Stück;0.39;Stück;;;;;;no;2024-10-28;no;lidl
Zitrone;33.0;pro Stück |;;;0.39;;variabel;;80161;https://sortiment.lidl.ch/de/zitrone-0080161;Obst;2024-10-30 20:51:01.157397;no;;no;9;yes;Obst;no;2024-10-30;1;Stück;1 Stück;0.39;Stück;;;;;;no;2024-10-29;no;lidl
Zitrone;33.0;pro Stück |;;;0.39;;variabel;;80161;https://sortiment.lidl.ch/de/zitrone-0080161;Obst;2024-10-31 10:28:23.800286;no;;no;9;yes;Obst;no;2024-10-31;1;Stück;1 Stück;0.39;Stück;;;;;;no;2024-10-30;no;lidl
Zitrone;33.0;pro Stück |;;;0.39;;variabel;;80161;https://sortiment.lidl.ch/de/zitrone-0080161;Obst;2024-11-01 09:03:50.881119;no;;no;9;yes;Obst;no;2024-11-01;1;Stück;1 Stück;0.39;Stück;;;;;;no;2024-10-31;no;lidl
Zitrone;33.0;pro Stück |;;;0.39;;variabel;;80161;https://sortiment.lidl.ch/de/zitrone-0080161;Obst;2024-11-03 17:40:10.068931;no;;no;9;yes;Obst;no;2024-11-03;1;Stück;1 Stück;0.39;Stück;;;;;;no;2024-11-01;no;lidl
Zitrone;33.0;pro Stück |;;;0.39;;variabel;;80161;https://sortiment.lidl.ch/de/zitrone-0080161;Obst;2024-11-04 17:18:40.294488;no;;no;9;yes;Obst;no;2024-11-04;1;Stück;1 Stück;0.39;Stück;;;;;;no;2024-11-03;no;lidl
Zitronen 500g;37.0;pro 500g | 1Kg = 1.86 CHF;;;0.93;;variabel;;80170;https://sortiment.lidl.ch/de/zitronen-500g-0080170;Obst;2024-10-27 23:06:55.411551;no;;no;3;no;Obst;no;2024-10-27;2;500g;500g;0.19;g;;;;;;no;;;lidl
Zitronen 500g;37.0;pro 500g | 1Kg = 1.86 CHF;;;0.93;;variabel;;80170;https://sortiment.lidl.ch/de/zitronen-500g-0080170;Obst;2024-10-28 18:00:51.015288;no;;no;3;no;Obst;no;2024-10-28;2;500g;500g;0.19;g;;;;;;no;2024-10-27;no;lidl
Zitronen 500g;37.0;pro 500g | 1Kg = 1.86 CHF;;;0.93;;variabel;;80170;https://sortiment.lidl.ch/de/zitronen-500g-0080170;Obst;2024-10-29 19:54:18.207193;no;;no;3;no;Obst;no;2024-10-29;2;500g;500g;0.19;g;;;;;;no;2024-10-28;no;lidl
Zitronen 500g;37.0;pro 500g | 1Kg = 1.86 CHF;;;0.93;;variabel;;80170;https://sortiment.lidl.ch/de/zitronen-500g-0080170;Obst;2024-10-30 20:51:01.157397;no;;no;3;no;Obst;no;2024-10-30;2;500g;500g;0.19;g;;;;;;no;2024-10-29;no;lidl
Zitronen 500g;37.0;pro 500g | 1Kg = 1.86 CHF;;;0.93;;variabel;;80170;https://sortiment.lidl.ch/de/zitronen-500g-0080170;Obst;2024-10-31 10:28:23.800286;no;;no;3;no;Obst;no;2024-10-31;2;500g;500g;0.19;g;;;;;;no;2024-10-30;no;lidl
Zitronen 500g;37.0;pro 500g | 1Kg = 1.86 CHF;;;0.93;;variabel;;80170;https://sortiment.lidl.ch/de/zitronen-500g-0080170;Obst;2024-11-01 09:03:50.881119;no;;no;3;no;Obst;no;2024-11-01;2;500g;500g;0.19;g;;;;;;no;2024-10-31;no;lidl
Zitronen 500g;37.0;pro 500g | 1Kg = 1.86 CHF;;;0.93;;variabel;;80170;https://sortiment.lidl.ch/de/zitronen-500g-0080170;Obst;2024-11-03 17:40:10.068931;no;;no;3;no;Obst;no;2024-11-03;2;500g;500g;0.19;g;;;;;;no;2024-11-01;no;lidl
Zitronen 500g;37.0;pro 500g | 1Kg = 1.86 CHF;;;0.93;;variabel;;80170;https://sortiment.lidl.ch/de/zitronen-500g-0080170;Obst;2024-11-04 17:18:40.294488;no;;no;3;no;Obst;no;2024-11-04;2;500g;500g;0.19;g;;;;;;no;2024-11-03;no;lidl
Fairtrade Limette;79.0;pro Stück |;;;0.49;;Siehe Packung;Fairglobe;80179;https://sortiment.lidl.ch/de/fairtrade-limette-0080179;Obst;2024-10-27 23:06:55.411551;unknown;;no;9;yes;Obst;no;2024-10-27;2;Stück;1 Stück;0.49;Stück;;;;;;no;;;lidl
Fairtrade Limette;79.0;pro Stück |;;;0.49;;Siehe Packung;Fairglobe;80179;https://sortiment.lidl.ch/de/fairtrade-limette-0080179;Obst;2024-10-28 18:00:51.015288;unknown;;no;9;yes;Obst;no;2024-10-28;2;Stück;1 Stück;0.49;Stück;;;;;;no;2024-10-27;no;lidl
Fairtrade Limette;79.0;pro Stück |;;;0.49;;Siehe Packung;Fairglobe;80179;https://sortiment.lidl.ch/de/fairtrade-limette-0080179;Obst;2024-10-29 19:54:18.207193;unknown;;no;9;yes;Obst;no;2024-10-29;2;Stück;1 Stück;0.49;Stück;;;;;;no;2024-10-28;no;lidl
Fairtrade Limette;79.0;pro Stück |;;;0.49;;Siehe Packung;Fairglobe;80179;https://sortiment.lidl.ch/de/fairtrade-limette-0080179;Obst;2024-10-30 20:51:01.157397;unknown;;no;9;yes;Obst;no;2024-10-30;2;Stück;1 Stück;0.49;Stück;;;;;;no;2024-10-29;no;lidl
Fairtrade Limette;79.0;pro Stück |;;;0.49;;Siehe Packung;Fairglobe;80179;https://sortiment.lidl.ch/de/fairtrade-limette-0080179;Obst;2024-10-31 10:28:23.800286;unknown;;no;9;yes;Obst;no;2024-10-31;2;Stück;1 Stück;0.49;Stück;;;;;;no;2024-10-30;no;lidl
Fairtrade Limette;79.0;pro Stück |;;;0.49;;Siehe Packung;Fairglobe;80179;https://sortiment.lidl.ch/de/fairtrade-limette-0080179;Obst;2024-11-01 09:03:50.881119;unknown;;no;9;yes;Obst;no;2024-11-01;2;Stück;1 Stück;0.49;Stück;;;;;;no;2024-10-31;no;lidl
Fairtrade Limette;79.0;pro Stück |;;;0.49;;Siehe Packung;Fairglobe;80179;https://sortiment.lidl.ch/de/fairtrade-limette-0080179;Obst;2024-11-03 17:40:10.068931;unknown;;no;9;yes;Obst;no;2024-11-03;2;Stück;1 Stück;0.49;Stück;;;;;;no;2024-11-01;no;lidl
Fairtrade Limette;79.0;pro Stück |;;;0.49;;Siehe Packung;Fairglobe;80179;https://sortiment.lidl.ch/de/fairtrade-limette-0080179;Obst;2024-11-04 17:18:40.294488;unknown;;no;9;yes;Obst;no;2024-11-04;2;Stück;1 Stück;0.49;Stück;;;;;;no;2024-11-03;no;lidl
Äpfel grün;1.0;pro 1kg |;;;2.89;;Schweiz;;80185;https://sortiment.lidl.ch/de/aepfel-gruen-0080185;Obst;2024-10-27 23:06:55.411551;yes;;yes;9;yes;Obst;no;2024-10-27;2;1kg;1000g;0.29;g;;;;;;no;;;lidl
Äpfel grün;1.0;pro 1kg |;;;2.89;;Schweiz;;80185;https://sortiment.lidl.ch/de/aepfel-gruen-0080185;Obst;2024-10-28 18:00:51.015288;yes;;yes;9;yes;Obst;no;2024-10-28;2;1kg;1000g;0.29;g;;;;;;no;2024-10-27;no;lidl
Äpfel grün;1.0;pro 1kg |;;;2.89;;Schweiz;;80185;https://sortiment.lidl.ch/de/aepfel-gruen-0080185;Obst;2024-10-29 19:54:18.207193;yes;;yes;9;yes;Obst;no;2024-10-29;2;1kg;1000g;0.29;g;;;;;;no;2024-10-28;no;lidl
Äpfel grün;1.0;pro 1kg |;;;2.89;;Schweiz;;80185;https://sortiment.lidl.ch/de/aepfel-gruen-0080185;Obst;2024-10-30 20:51:01.157397;yes;;yes;9;yes;Obst;no;2024-10-30;2;1kg;1000g;0.29;g;;;;;;no;2024-10-29;no;lidl
Äpfel grün;1.0;pro 1kg |;;;2.89;;Schweiz;;80185;https://sortiment.lidl.ch/de/aepfel-gruen-0080185;Obst;2024-10-31 10:28:23.800286;yes;;yes;9;yes;Obst;no;2024-10-31;2;1kg;1000g;0.29;g;;;;;;no;2024-10-30;no;lidl
Äpfel grün;1.0;pro 1kg |;;;2.89;;Schweiz;;80185;https://sortiment.lidl.ch/de/aepfel-gruen-0080185;Obst;2024-11-01 09:03:50.881119;yes;;yes;9;yes;Obst;no;2024-11-01;2;1kg;1000g;0.29;g;;;;;;no;2024-10-31;no;lidl
Äpfel grün;1.0;pro 1kg |;;;2.89;;Schweiz;;80185;https://sortiment.lidl.ch/de/aepfel-gruen-0080185;Obst;2024-11-03 17:40:10.068931;yes;;yes;9;yes;Obst;no;2024-11-03;2;1kg;1000g;0.29;g;;;;;;no;2024-11-01;no;lidl
Äpfel grün;1.0;pro 1kg |;;;2.89;;Schweiz;;80185;https://sortiment.lidl.ch/de/aepfel-gruen-0080185;Obst;2024-11-04 17:18:40.294488;yes;;yes;9;yes;Obst;no;2024-11-04;2;1kg;1000g;0.29;g;;;;;;no;2024-11-03;no;lidl
Äpfel Pink Lady 1kg;15.0;pro 1kg |;;;4.49;;variabel;;80215;https://sortiment.lidl.ch/de/aepfel-pink-lady-1kg-0080215;Obst;2024-10-27 23:06:55.411551;no;;yes;9;yes;Obst;no;2024-10-27;4;1kg;1000g;0.45;g;;;;;;no;;;lidl
Äpfel Pink Lady 1kg;15.0;pro 1kg |;;;4.49;;variabel;;80215;https://sortiment.lidl.ch/de/aepfel-pink-lady-1kg-0080215;Obst;2024-10-28 18:00:51.015288;no;;yes;9;yes;Obst;no;2024-10-28;4;1kg;1000g;0.45;g;;;;;;no;2024-10-27;no;lidl
Äpfel Pink Lady 1kg;15.0;pro 1kg |;;;4.49;;variabel;;80215;https://sortiment.lidl.ch/de/aepfel-pink-lady-1kg-0080215;Obst;2024-10-29 19:54:18.207193;no;;yes;9;yes;Obst;no;2024-10-29;4;1kg;1000g;0.45;g;;;;;;no;2024-10-28;no;lidl
Äpfel Pink Lady 1kg;15.0;pro 1kg |;;;4.49;;variabel;;80215;https://sortiment.lidl.ch/de/aepfel-pink-lady-1kg-0080215;Obst;2024-10-30 20:51:01.157397;no;;yes;9;yes;Obst;no;2024-10-30;4;1kg;1000g;0.45;g;;;;;;no;2024-10-29;no;lidl
Äpfel Pink Lady 1kg;15.0;pro 1kg |;;;4.49;;variabel;;80215;https://sortiment.lidl.ch/de/aepfel-pink-lady-1kg-0080215;Obst;2024-10-31 10:28:23.800286;no;;yes;9;yes;Obst;no;2024-10-31;4;1kg;1000g;0.45;g;;;;;;no;2024-10-30;no;lidl
Äpfel Pink Lady 1kg;15.0;pro 1kg |;;;4.49;;variabel;;80215;https://sortiment.lidl.ch/de/aepfel-pink-lady-1kg-0080215;Obst;2024-11-01 09:03:50.881119;no;;yes;9;yes;Obst;no;2024-11-01;4;1kg;1000g;0.45;g;;;;;;no;2024-10-31;no;lidl
Äpfel Pink Lady 1kg;15.0;pro 1kg |;;;4.49;;variabel;;80215;https://sortiment.lidl.ch/de/aepfel-pink-lady-1kg-0080215;Obst;2024-11-03 17:40:10.068931;no;;yes;9;yes;Obst;no;2024-11-03;4;1kg;1000g;0.45;g;;;;;;no;2024-11-01;no;lidl
Äpfel Pink Lady 1kg;15.0;pro 1kg |;;;4.49;;variabel;;80215;https://sortiment.lidl.ch/de/aepfel-pink-lady-1kg-0080215;Obst;2024-11-04 17:18:40.294488;no;;yes;9;yes;Obst;no;2024-11-04;4;1kg;1000g;0.45;g;;;;;;no;2024-11-03;no;lidl
Äpfel rot;4.0;pro 1kg |;;;2.89;;Schweiz;;80220;https://sortiment.lidl.ch/de/aepfel-rot-0080220;Obst;2024-10-27 23:06:55.411551;yes;;yes;9;yes;Obst;no;2024-10-27;2;1kg;1000g;0.29;g;;;;;;no;;;lidl
Äpfel rot;4.0;pro 1kg |;;;2.89;;Schweiz;;80220;https://sortiment.lidl.ch/de/aepfel-rot-0080220;Obst;2024-10-28 18:00:51.015288;yes;;yes;9;yes;Obst;no;2024-10-28;2;1kg;1000g;0.29;g;;;;;;no;2024-10-27;no;lidl
Äpfel rot;4.0;pro 1kg |;;;2.89;;Schweiz;;80220;https://sortiment.lidl.ch/de/aepfel-rot-0080220;Obst;2024-10-29 19:54:18.207193;yes;;yes;9;yes;Obst;no;2024-10-29;2;1kg;1000g;0.29;g;;;;;;no;2024-10-28;no;lidl
Äpfel rot;4.0;pro 1kg |;;;2.89;;Schweiz;;80220;https://sortiment.lidl.ch/de/aepfel-rot-0080220;Obst;2024-10-30 20:51:01.157397;yes;;yes;9;yes;Obst;no;2024-10-30;2;1kg;1000g;0.29;g;;;;;;no;2024-10-29;no;lidl
Äpfel rot;4.0;pro 1kg |;;;2.89;;Schweiz;;80220;https://sortiment.lidl.ch/de/aepfel-rot-0080220;Obst;2024-10-31 10:28:23.800286;yes;;yes;9;yes;Obst;no;2024-10-31;2;1kg;1000g;0.29;g;;;;;;no;2024-10-30;no;lidl
Äpfel rot;4.0;pro 1kg |;2.89;-31%;1.99;1.11. - 3.11.;Schweiz;;80220;https://sortiment.lidl.ch/de/aepfel-rot-0080220;Obst;2024-11-01 09:03:50.881119;yes;0.31;no;9;yes;Obst;no;2024-11-01;2;1kg;1000g;0.2;g;2024-11-01;2024-11-03;Friday;Sunday;2 days;yes;2024-10-31;no;lidl
Äpfel rot;4.0;pro 1kg |;2.89;-31%;1.99;1.11. - 3.11.;Schweiz;;80220;https://sortiment.lidl.ch/de/aepfel-rot-0080220;Obst;2024-11-03 17:40:10.068931;yes;0.31;no;9;yes;Obst;no;2024-11-03;2;1kg;1000g;0.2;g;2024-11-01;2024-11-03;Friday;Sunday;2 days;yes;2024-11-01;no;lidl
Äpfel rot;4.0;pro 1kg |;;;2.89;;Schweiz;;80220;https://sortiment.lidl.ch/de/aepfel-rot-0080220;Obst;2024-11-04 17:18:40.294488;yes;;yes;9;yes;Obst;no;2024-11-04;2;1kg;1000g;0.29;g;;;;;;no;2024-11-03;no;lidl
Liebling der Apfelkönigin;6.0;pro 6Stk. | 1 Stk = 0.44 CHF;;;2.59;;Schweiz;;80224;https://sortiment.lidl.ch/de/liebling-der-apfelkoenigin-0080224;Obst;2024-10-27 23:06:55.411551;yes;;yes;9;yes;Obst;no;2024-10-27;3;6Stk.;6 Stücke;0.43;Stück;;;;;;no;;;lidl
Liebling der Apfelkönigin;6.0;pro 6Stk. | 1 Stk = 0.44 CHF;;;2.59;;Schweiz;;80224;https://sortiment.lidl.ch/de/liebling-der-apfelkoenigin-0080224;Obst;2024-10-28 18:00:51.015288;yes;;yes;9;yes;Obst;no;2024-10-28;3;6Stk.;6 Stücke;0.43;Stück;;;;;;no;2024-10-27;no;lidl
Liebling der Apfelkönigin;6.0;pro 6Stk. | 1 Stk = 0.44 CHF;;;2.59;;Schweiz;;80224;https://sortiment.lidl.ch/de/liebling-der-apfelkoenigin-0080224;Obst;2024-10-29 19:54:18.207193;yes;;yes;9;yes;Obst;no;2024-10-29;3;6Stk.;6 Stücke;0.43;Stück;;;;;;no;2024-10-28;no;lidl
Liebling der Apfelkönigin;6.0;pro 6Stk. | 1 Stk = 0.44 CHF;;;2.59;;Schweiz;;80224;https://sortiment.lidl.ch/de/liebling-der-apfelkoenigin-0080224;Obst;2024-10-30 20:51:01.157397;yes;;yes;9;yes;Obst;no;2024-10-30;3;6Stk.;6 Stücke;0.43;Stück;;;;;;no;2024-10-29;no;lidl
Liebling der Apfelkönigin;6.0;pro 6Stk. | 1 Stk = 0.44 CHF;;;2.59;;Schweiz;;80224;https://sortiment.lidl.ch/de/liebling-der-apfelkoenigin-0080224;Obst;2024-10-31 10:28:23.800286;yes;;yes;9;yes;Obst;no;2024-10-31;3;6Stk.;6 Stücke;0.43;Stück;;;;;;no;2024-10-30;no;lidl
Liebling der Apfelkönigin;6.0;pro 6Stk. | 1 Stk = 0.44 CHF;;;2.59;;Schweiz;;80224;https://sortiment.lidl.ch/de/liebling-der-apfelkoenigin-0080224;Obst;2024-11-01 09:03:50.881119;yes;;yes;9;yes;Obst;no;2024-11-01;3;6Stk.;6 Stücke;0.43;Stück;;;;;;no;2024-10-31;no;lidl
Liebling der Apfelkönigin;6.0;pro 6Stk. | 1 Stk = 0.44 CHF;;;2.59;;Schweiz;;80224;https://sortiment.lidl.ch/de/liebling-der-apfelkoenigin-0080224;Obst;2024-11-03 17:40:10.068931;yes;;yes;9;yes;Obst;no;2024-11-03;3;6Stk.;6 Stücke;0.43;Stück;;;;;;no;2024-11-01;no;lidl
Liebling der Apfelkönigin;6.0;pro 6Stk. | 1 Stk = 0.44 CHF;;;2.59;;Schweiz;;80224;https://sortiment.lidl.ch/de/liebling-der-apfelkoenigin-0080224;Obst;2024-11-04 17:18:40.294488;yes;;yes;9;yes;Obst;no;2024-11-04;3;6Stk.;6 Stücke;0.43;Stück;;;;;;no;2024-11-03;no;lidl
Äpfel rot 1,5kg;65.0;pro 1,5kg | 1Kg = 2.80 CHF;;;4.19;;Schweiz;;80229;https://sortiment.lidl.ch/de/aepfel-rot-1-5kg-0080229;Obst;2024-10-27 23:06:55.411551;yes;;yes;9;yes;Obst;no;2024-10-27;3;1,5kg;1500g;0.28;g;;;;;;no;;;lidl
Äpfel rot 1,5kg;65.0;pro 1,5kg | 1Kg = 2.80 CHF;;;4.19;;Schweiz;;80229;https://sortiment.lidl.ch/de/aepfel-rot-1-5kg-0080229;Obst;2024-10-28 18:00:51.015288;yes;;yes;9;yes;Obst;no;2024-10-28;3;1,5kg;1500g;0.28;g;;;;;;no;2024-10-27;no;lidl
Äpfel rot 1,5kg;65.0;pro 1,5kg | 1Kg = 2.80 CHF;;;4.19;;Schweiz;;80229;https://sortiment.lidl.ch/de/aepfel-rot-1-5kg-0080229;Obst;2024-10-29 19:54:18.207193;yes;;yes;9;yes;Obst;no;2024-10-29;3;1,5kg;1500g;0.28;g;;;;;;no;2024-10-28;no;lidl
Äpfel rot 1,5kg;65.0;pro 1,5kg | 1Kg = 2.80 CHF;;;4.19;;Schweiz;;80229;https://sortiment.lidl.ch/de/aepfel-rot-1-5kg-0080229;Obst;2024-10-30 20:51:01.157397;yes;;yes;9;yes;Obst;no;2024-10-30;3;1,5kg;1500g;0.28;g;;;;;;no;2024-10-29;no;lidl
Äpfel rot 1,5kg;65.0;pro 1,5kg | 1Kg = 2.80 CHF;;;4.19;;Schweiz;;80229;https://sortiment.lidl.ch/de/aepfel-rot-1-5kg-0080229;Obst;2024-10-31 10:28:23.800286;yes;;yes;9;yes;Obst;no;2024-10-31;3;1,5kg;1500g;0.28;g;;;;;;no;2024-10-30;no;lidl
Äpfel rot 1,5kg;65.0;pro 1,5kg | 1Kg = 2.80 CHF;;;4.19;;Schweiz;;80229;https://sortiment.lidl.ch/de/aepfel-rot-1-5kg-0080229;Obst;2024-11-01 09:03:50.881119;yes;;yes;9;yes;Obst;no;2024-11-01;3;1,5kg;1500g;0.28;g;;;;;;no;2024-10-31;no;lidl
Äpfel rot 1,5kg;65.0;pro 1,5kg | 1Kg = 2.80 CHF;;;4.19;;Schweiz;;80229;https://sortiment.lidl.ch/de/aepfel-rot-1-5kg-0080229;Obst;2024-11-03 17:40:10.068931;yes;;yes;9;yes;Obst;no;2024-11-03;3;1,5kg;1500g;0.28;g;;;;;;no;2024-11-01;no;lidl
Äpfel rot 1,5kg;65.0;pro 1,5kg | 1Kg = 2.80 CHF;;;4.19;;Schweiz;;80229;https://sortiment.lidl.ch/de/aepfel-rot-1-5kg-0080229;Obst;2024-11-04 17:18:40.294488;yes;;yes;9;yes;Obst;no;2024-11-04;3;1,5kg;1500g;0.28;g;;;;;;no;2024-11-03;no;lidl
Äpfel rot 2,5kg;6.0;pro 2.5kg | 1Kg = 1.58 CHF;;;3.95;;Schweiz;;80236;https://sortiment.lidl.ch/de/aepfel-rot-2-5kg-0080236;Obst;2024-10-27 23:06:55.411551;yes;;yes;5;no;Obst;no;2024-10-27;3;2.5kg;2500g;0.16;g;;;;;;no;;;lidl
Äpfel rot 2,5kg;6.0;pro 2.5kg | 1Kg = 1.58 CHF;;;3.95;;Schweiz;;80236;https://sortiment.lidl.ch/de/aepfel-rot-2-5kg-0080236;Obst;2024-10-28 18:00:51.015288;yes;;yes;5;no;Obst;no;2024-10-28;3;2.5kg;2500g;0.16;g;;;;;;no;2024-10-27;no;lidl
Äpfel rot 2,5kg;6.0;pro 2.5kg | 1Kg = 1.58 CHF;;;3.95;;Schweiz;;80236;https://sortiment.lidl.ch/de/aepfel-rot-2-5kg-0080236;Obst;2024-10-29 19:54:18.207193;yes;;yes;5;no;Obst;no;2024-10-29;3;2.5kg;2500g;0.16;g;;;;;;no;2024-10-28;no;lidl
Äpfel rot 2,5kg;6.0;pro 2.5kg | 1Kg = 1.58 CHF;;;3.95;;Schweiz;;80236;https://sortiment.lidl.ch/de/aepfel-rot-2-5kg-0080236;Obst;2024-10-30 20:51:01.157397;yes;;yes;5;no;Obst;no;2024-10-30;3;2.5kg;2500g;0.16;g;;;;;;no;2024-10-29;no;lidl
Äpfel rot 2,5kg;6.0;pro 2.5kg | 1Kg = 1.58 CHF;;;3.95;;Schweiz;;80236;https://sortiment.lidl.ch/de/aepfel-rot-2-5kg-0080236;Obst;2024-10-31 10:28:23.800286;yes;;yes;5;no;Obst;no;2024-10-31;3;2.5kg;2500g;0.16;g;;;;;;no;2024-10-30;no;lidl
Äpfel rot 2,5kg;6.0;pro 2.5kg | 1Kg = 1.58 CHF;;;3.95;;Schweiz;;80236;https://sortiment.lidl.ch/de/aepfel-rot-2-5kg-0080236;Obst;2024-11-01 09:03:50.881119;yes;;yes;5;no;Obst;no;2024-11-01;3;2.5kg;2500g;0.16;g;;;;;;no;2024-10-31;no;lidl
Äpfel rot 2,5kg;6.0;pro 2.5kg | 1Kg = 1.58 CHF;;;3.95;;Schweiz;;80236;https://sortiment.lidl.ch/de/aepfel-rot-2-5kg-0080236;Obst;2024-11-03 17:40:10.068931;yes;;yes;5;no;Obst;no;2024-11-03;3;2.5kg;2500g;0.16;g;;;;;;no;2024-11-01;no;lidl
Äpfel rot 2,5kg;6.0;pro 2.5kg | 1Kg = 1.58 CHF;;;3.95;;Schweiz;;80236;https://sortiment.lidl.ch/de/aepfel-rot-2-5kg-0080236;Obst;2024-11-04 17:18:40.294488;yes;;yes;5;no;Obst;no;2024-11-04;3;2.5kg;2500g;0.16;g;;;;;;no;2024-11-03;no;lidl
Birnen;12.0;pro 1kg |;;;3.29;;variabel;;80275;https://sortiment.lidl.ch/de/birnen-0080275;Obst;2024-10-27 23:06:55.411551;no;;yes;9;yes;Obst;no;2024-10-27;1;1kg;1000g;0.33;g;;;;;;no;;;lidl
Birnen;12.0;pro 1kg |;;;3.29;;variabel;;80275;https://sortiment.lidl.ch/de/birnen-0080275;Obst;2024-10-28 18:00:51.015288;no;;yes;9;yes;Obst;no;2024-10-28;1;1kg;1000g;0.33;g;;;;;;no;2024-10-27;no;lidl
Birnen;12.0;pro 1kg |;;;3.29;;variabel;;80275;https://sortiment.lidl.ch/de/birnen-0080275;Obst;2024-10-29 19:54:18.207193;no;;yes;9;yes;Obst;no;2024-10-29;1;1kg;1000g;0.33;g;;;;;;no;2024-10-28;no;lidl
Birnen;12.0;pro 1kg |;;;3.29;;variabel;;80275;https://sortiment.lidl.ch/de/birnen-0080275;Obst;2024-10-30 20:51:01.157397;no;;yes;9;yes;Obst;no;2024-10-30;1;1kg;1000g;0.33;g;;;;;;no;2024-10-29;no;lidl
Birnen;12.0;pro 1kg |;;;3.29;;variabel;;80275;https://sortiment.lidl.ch/de/birnen-0080275;Obst;2024-10-31 10:28:23.800286;no;;yes;9;yes;Obst;no;2024-10-31;1;1kg;1000g;0.33;g;;;;;;no;2024-10-30;no;lidl
Birnen;12.0;pro 1kg |;;;2.99;;variabel;;80275;https://sortiment.lidl.ch/de/birnen-0080275;Obst;2024-11-01 09:03:50.881119;no;;yes;9;yes;Obst;no;2024-11-01;1;1kg;1000g;0.3;g;;;;;;no;2024-10-31;no;lidl
Birnen;12.0;pro 1kg |;;;2.99;;variabel;;80275;https://sortiment.lidl.ch/de/birnen-0080275;Obst;2024-11-03 17:40:10.068931;no;;yes;9;yes;Obst;no;2024-11-03;1;1kg;1000g;0.3;g;;;;;;no;2024-11-01;no;lidl
Birnen;12.0;pro 1kg |;;;2.99;;variabel;;80275;https://sortiment.lidl.ch/de/birnen-0080275;Obst;2024-11-04 17:18:40.294488;no;;yes;9;yes;Obst;no;2024-11-04;1;1kg;1000g;0.3;g;;;;;;no;2024-11-03;no;lidl
Birnen in Schale;0.0;pro 1kg |;;;2.99;;Schweiz;;80285;https://sortiment.lidl.ch/de/birnen-in-schale-0080285;Obst;2024-10-27 23:06:55.411551;yes;;yes;9;yes;Obst;no;2024-10-27;3;1kg;1000g;0.3;g;;;;;;no;;;lidl
Birnen in Schale;0.0;pro 1kg |;;;2.99;;Schweiz;;80285;https://sortiment.lidl.ch/de/birnen-in-schale-0080285;Obst;2024-10-28 18:00:51.015288;yes;;yes;9;yes;Obst;no;2024-10-28;3;1kg;1000g;0.3;g;;;;;;no;2024-10-27;no;lidl
Birnen in Schale;0.0;pro 1kg |;;;2.99;;Schweiz;;80285;https://sortiment.lidl.ch/de/birnen-in-schale-0080285;Obst;2024-10-29 19:54:18.207193;yes;;yes;9;yes;Obst;no;2024-10-29;3;1kg;1000g;0.3;g;;;;;;no;2024-10-28;no;lidl
Birnen in Schale;0.0;pro 1kg |;;;2.99;;Schweiz;;80285;https://sortiment.lidl.ch/de/birnen-in-schale-0080285;Obst;2024-10-30 20:51:01.157397;yes;;yes;9;yes;Obst;no;2024-10-30;3;1kg;1000g;0.3;g;;;;;;no;2024-10-29;no;lidl
Birnen in Schale;0.0;pro 1kg |;;;2.99;;Schweiz;;80285;https://sortiment.lidl.ch/de/birnen-in-schale-0080285;Obst;2024-10-31 10:28:23.800286;yes;;yes;9;yes;Obst;no;2024-10-31;3;1kg;1000g;0.3;g;;;;;;no;2024-10-30;no;lidl
Birnen in Schale;0.0;pro 1kg |;;;2.49;;Schweiz;;80285;https://sortiment.lidl.ch/de/birnen-in-schale-0080285;Obst;2024-11-01 09:03:50.881119;yes;;yes;9;yes;Obst;no;2024-11-01;3;1kg;1000g;0.25;g;;;;;;no;2024-10-31;no;lidl
Birnen in Schale;0.0;pro 1kg |;;;2.49;;Schweiz;;80285;https://sortiment.lidl.ch/de/birnen-in-schale-0080285;Obst;2024-11-03 17:40:10.068931;yes;;yes;9;yes;Obst;no;2024-11-03;3;1kg;1000g;0.25;g;;;;;;no;2024-11-01;no;lidl
Birnen in Schale;0.0;pro 1kg |;;;2.49;;Schweiz;;80285;https://sortiment.lidl.ch/de/birnen-in-schale-0080285;Obst;2024-11-04 17:18:40.294488;yes;;yes;9;yes;Obst;no;2024-11-04;3;1kg;1000g;0.25;g;;;;;;no;2024-11-03;no;lidl
Nashi Birnen;7.0;pro Stück |;;;0.99;;China;;80316;https://sortiment.lidl.ch/de/nashi-birnen-0080316;Obst;2024-10-27 23:06:55.411551;no;;no;9;yes;Obst;no;2024-10-27;2;Stück;1 Stück;0.99;Stück;;;;;;no;;;lidl
Nashi Birnen;7.0;pro Stück |;;;0.99;;China;;80316;https://sortiment.lidl.ch/de/nashi-birnen-0080316;Obst;2024-10-28 18:00:51.015288;no;;no;9;yes;Obst;no;2024-10-28;2;Stück;1 Stück;0.99;Stück;;;;;;no;2024-10-27;no;lidl
Nashi Birnen;7.0;pro Stück |;;;0.99;;China;;80316;https://sortiment.lidl.ch/de/nashi-birnen-0080316;Obst;2024-10-29 19:54:18.207193;no;;no;9;yes;Obst;no;2024-10-29;2;Stück;1 Stück;0.99;Stück;;;;;;no;2024-10-28;no;lidl
Nashi Birnen;7.0;pro Stück |;;;0.99;;China;;80316;https://sortiment.lidl.ch/de/nashi-birnen-0080316;Obst;2024-10-30 20:51:01.157397;no;;no;9;yes;Obst;no;2024-10-30;2;Stück;1 Stück;0.99;Stück;;;;;;no;2024-10-29;no;lidl
Nashi Birnen;7.0;pro Stück |;;;1.19;;China;;80316;https://sortiment.lidl.ch/de/nashi-birnen-0080316;Obst;2024-10-31 10:28:23.800286;no;;no;9;yes;Obst;no;2024-10-31;2;Stück;1 Stück;1.19;Stück;;;;;;no;2024-10-30;no;lidl
Nashi Birnen;7.0;pro Stück |;;;1.19;;China;;80316;https://sortiment.lidl.ch/de/nashi-birnen-0080316;Obst;2024-11-01 09:03:50.881119;no;;no;9;yes;Obst;no;2024-11-01;2;Stück;1 Stück;1.19;Stück;;;;;;no;2024-10-31;no;lidl
Nashi Birnen;7.0;pro Stück |;;;1.19;;China;;80316;https://sortiment.lidl.ch/de/nashi-birnen-0080316;Obst;2024-11-03 17:40:10.068931;no;;no;9;yes;Obst;no;2024-11-03;2;Stück;1 Stück;1.19;Stück;;;;;;no;2024-11-01;no;lidl
Nashi Birnen;7.0;pro Stück |;;;1.19;;China;;80316;https://sortiment.lidl.ch/de/nashi-birnen-0080316;Obst;2024-11-04 17:18:40.294488;no;;no;9;yes;Obst;no;2024-11-04;2;Stück;1 Stück;1.19;Stück;;;;;;no;2024-11-03;no;lidl
Pflaumen 1kg;0.0;pro 1kg |;;;2.69;;variabel;;80417;https://sortiment.lidl.ch/de/pflaumen-1kg-0080417;Obst;2024-10-27 23:06:55.411551;no;;yes;9;yes;Obst;no;2024-10-27;2;1kg;1000g;0.27;g;;;;;;no;;;lidl
Pflaumen 1kg;0.0;pro 1kg |;;;2.69;;variabel;;80417;https://sortiment.lidl.ch/de/pflaumen-1kg-0080417;Obst;2024-10-28 18:00:51.015288;no;;yes;9;yes;Obst;no;2024-10-28;2;1kg;1000g;0.27;g;;;;;;no;2024-10-27;no;lidl
Pflaumen 1kg;0.0;pro 1kg |;;;2.69;;variabel;;80417;https://sortiment.lidl.ch/de/pflaumen-1kg-0080417;Obst;2024-10-29 19:54:18.207193;no;;yes;9;yes;Obst;no;2024-10-29;2;1kg;1000g;0.27;g;;;;;;no;2024-10-28;no;lidl
Pflaumen 1kg;0.0;pro 1kg |;;;2.69;;variabel;;80417;https://sortiment.lidl.ch/de/pflaumen-1kg-0080417;Obst;2024-10-30 20:51:01.157397;no;;yes;9;yes;Obst;no;2024-10-30;2;1kg;1000g;0.27;g;;;;;;no;2024-10-29;no;lidl
Pflaumen 1kg;0.0;pro 1kg |;;;2.69;;variabel;;80417;https://sortiment.lidl.ch/de/pflaumen-1kg-0080417;Obst;2024-10-31 10:28:23.800286;no;;yes;9;yes;Obst;no;2024-10-31;2;1kg;1000g;0.27;g;;;;;;no;2024-10-30;no;lidl
Pflaumen 1kg;0.0;pro 1kg |;;;2.69;;variabel;;80417;https://sortiment.lidl.ch/de/pflaumen-1kg-0080417;Obst;2024-11-01 09:03:50.881119;no;;yes;9;yes;Obst;no;2024-11-01;2;1kg;1000g;0.27;g;;;;;;no;2024-10-31;no;lidl
Pflaumen 1kg;0.0;pro 1kg |;;;2.59;;variabel;;80417;https://sortiment.lidl.ch/de/pflaumen-1kg-0080417;Obst;2024-11-04 17:18:40.294488;no;;yes;9;yes;Obst;no;2024-11-04;2;1kg;1000g;0.26;g;;;;;;no;2024-11-01;no;lidl
Trauben Mix 500g;2.0;pro 500g | 1Kg = 4.58 CHF;;;2.29;;Italien;;80475;https://sortiment.lidl.ch/de/trauben-mix-500g-0080475;Obst;2024-10-27 23:06:55.411551;no;;no;9;yes;Obst;no;2024-10-27;3;500g;500g;0.46;g;;;;;;no;;;lidl
Trauben Mix 500g;2.0;pro 500g | 1Kg = 4.58 CHF;;;2.29;;Italien;;80475;https://sortiment.lidl.ch/de/trauben-mix-500g-0080475;Obst;2024-10-28 18:00:51.015288;no;;no;9;yes;Obst;no;2024-10-28;3;500g;500g;0.46;g;;;;;;no;2024-10-27;no;lidl
Trauben Mix 500g;2.0;pro 500g | 1Kg = 4.58 CHF;;;2.29;;Italien;;80475;https://sortiment.lidl.ch/de/trauben-mix-500g-0080475;Obst;2024-10-29 19:54:18.207193;no;;no;9;yes;Obst;no;2024-10-29;3;500g;500g;0.46;g;;;;;;no;2024-10-28;no;lidl
Trauben Mix 500g;2.0;pro 500g | 1Kg = 4.58 CHF;;;2.29;;Italien;;80475;https://sortiment.lidl.ch/de/trauben-mix-500g-0080475;Obst;2024-10-30 20:51:01.157397;no;;no;9;yes;Obst;no;2024-10-30;3;500g;500g;0.46;g;;;;;;no;2024-10-29;no;lidl
Trauben Mix 500g;2.0;pro 500g | 1Kg = 4.58 CHF;;;2.29;;Italien;;80475;https://sortiment.lidl.ch/de/trauben-mix-500g-0080475;Obst;2024-10-31 10:28:23.800286;no;;no;9;yes;Obst;no;2024-10-31;3;500g;500g;0.46;g;;;;;;no;2024-10-30;no;lidl
Trauben Mix 500g;2.0;pro 500g | 1Kg = 4.58 CHF;;;2.29;;Italien;;80475;https://sortiment.lidl.ch/de/trauben-mix-500g-0080475;Obst;2024-11-01 09:03:50.881119;no;;no;9;yes;Obst;no;2024-11-01;3;500g;500g;0.46;g;;;;;;no;2024-10-31;no;lidl
Trauben Mix 500g;2.0;pro 500g | 1Kg = 4.58 CHF;;;2.29;;Italien;;80475;https://sortiment.lidl.ch/de/trauben-mix-500g-0080475;Obst;2024-11-03 17:40:10.068931;no;;no;9;yes;Obst;no;2024-11-03;3;500g;500g;0.46;g;;;;;;no;2024-11-01;no;lidl
Trauben Mix 500g;2.0;pro 500g | 1Kg = 4.58 CHF;;;2.29;;Italien;;80475;https://sortiment.lidl.ch/de/trauben-mix-500g-0080475;Obst;2024-11-04 17:18:40.294488;no;;no;9;yes;Obst;no;2024-11-04;3;500g;500g;0.46;g;;;;;;no;2024-11-03;no;lidl
Trauben rot kernlos 500g;3.0;pro 500g | 1Kg = 4.10 CHF;;;2.05;;variabel;;80485;https://sortiment.lidl.ch/de/trauben-rot-kernlos-500g-0080485;Obst;2024-10-27 23:06:55.411551;no;;no;5;no;Obst;no;2024-10-27;4;500g;500g;0.41;g;;;;;;no;;;lidl
Trauben rot kernlos 500g;3.0;pro 500g | 1Kg = 4.10 CHF;;;2.05;;variabel;;80485;https://sortiment.lidl.ch/de/trauben-rot-kernlos-500g-0080485;Obst;2024-10-28 18:00:51.015288;no;;no;5;no;Obst;no;2024-10-28;4;500g;500g;0.41;g;;;;;;no;2024-10-27;no;lidl
Trauben rot kernlos 500g;3.0;pro 500g | 1Kg = 4.10 CHF;;;2.05;;variabel;;80485;https://sortiment.lidl.ch/de/trauben-rot-kernlos-500g-0080485;Obst;2024-10-29 19:54:18.207193;no;;no;5;no;Obst;no;2024-10-29;4;500g;500g;0.41;g;;;;;;no;2024-10-28;no;lidl
Trauben rot kernlos 500g;3.0;pro 500g | 1Kg = 3.98 CHF;;;1.99;;variabel;;80485;https://sortiment.lidl.ch/de/trauben-rot-kernlos-500g-0080485;Obst;2024-10-30 20:51:01.157397;no;;no;9;yes;Obst;no;2024-10-30;4;500g;500g;0.4;g;;;;;;no;2024-10-29;no;lidl
Trauben rot kernlos 500g;3.0;pro 500g | 1Kg = 3.98 CHF;;;1.99;;variabel;;80485;https://sortiment.lidl.ch/de/trauben-rot-kernlos-500g-0080485;Obst;2024-10-31 10:28:23.800286;no;;no;9;yes;Obst;no;2024-10-31;4;500g;500g;0.4;g;;;;;;no;2024-10-30;no;lidl
Trauben rot kernlos 500g;3.0;pro 500g | 1Kg = 3.98 CHF;;;1.99;;variabel;;80485;https://sortiment.lidl.ch/de/trauben-rot-kernlos-500g-0080485;Obst;2024-11-01 09:03:50.881119;no;;no;9;yes;Obst;no;2024-11-01;4;500g;500g;0.4;g;;;;;;no;2024-10-31;no;lidl
Trauben rot kernlos 500g;3.0;pro 500g | 1Kg = 3.98 CHF;;;1.99;;variabel;;80485;https://sortiment.lidl.ch/de/trauben-rot-kernlos-500g-0080485;Obst;2024-11-03 17:40:10.068931;no;;no;9;yes;Obst;no;2024-11-03;4;500g;500g;0.4;g;;;;;;no;2024-11-01;no;lidl
Trauben rot kernlos 500g;3.0;pro 500g | 1Kg = 3.98 CHF;;;1.99;;variabel;;80485;https://sortiment.lidl.ch/de/trauben-rot-kernlos-500g-0080485;Obst;2024-11-04 17:18:40.294488;no;;no;9;yes;Obst;no;2024-11-04;4;500g;500g;0.4;g;;;;;;no;2024-11-03;no;lidl
Trauben rot;5.0;pro 1kg |;;;2.59;;Italien;;80490;https://sortiment.lidl.ch/de/trauben-rot-0080490;Obst;2024-10-27 23:06:55.411551;no;;yes;9;yes;Obst;no;2024-10-27;2;1kg;1000g;0.26;g;;;;;;no;;;lidl
Trauben rot;5.0;pro 1kg |;;;2.59;;Italien;;80490;https://sortiment.lidl.ch/de/trauben-rot-0080490;Obst;2024-10-28 18:00:51.015288;no;;yes;9;yes;Obst;no;2024-10-28;2;1kg;1000g;0.26;g;;;;;;no;2024-10-27;no;lidl
Trauben rot;5.0;pro 1kg |;;;2.59;;Italien;;80490;https://sortiment.lidl.ch/de/trauben-rot-0080490;Obst;2024-10-29 19:54:18.207193;no;;yes;9;yes;Obst;no;2024-10-29;2;1kg;1000g;0.26;g;;;;;;no;2024-10-28;no;lidl
Trauben rot;5.0;pro 1kg |;;;2.59;;Italien;;80490;https://sortiment.lidl.ch/de/trauben-rot-0080490;Obst;2024-10-30 20:51:01.157397;no;;yes;9;yes;Obst;no;2024-10-30;2;1kg;1000g;0.26;g;;;;;;no;2024-10-29;no;lidl
Trauben rot;5.0;pro 1kg |;;;2.65;;Italien;;80490;https://sortiment.lidl.ch/de/trauben-rot-0080490;Obst;2024-10-31 10:28:23.800286;no;;yes;5;no;Obst;no;2024-10-31;2;1kg;1000g;0.27;g;;;;;;no;2024-10-30;no;lidl
Trauben rot;5.0;pro 1kg |;;;2.65;;Italien;;80490;https://sortiment.lidl.ch/de/trauben-rot-0080490;Obst;2024-11-01 09:03:50.881119;no;;yes;5;no;Obst;no;2024-11-01;2;1kg;1000g;0.27;g;;;;;;no;2024-10-31;no;lidl
Trauben rot;5.0;pro 1kg |;;;2.65;;Italien;;80490;https://sortiment.lidl.ch/de/trauben-rot-0080490;Obst;2024-11-03 17:40:10.068931;no;;yes;5;no;Obst;no;2024-11-03;2;1kg;1000g;0.27;g;;;;;;no;2024-11-01;no;lidl
Trauben rot;5.0;pro 1kg |;;;2.65;;Italien;;80490;https://sortiment.lidl.ch/de/trauben-rot-0080490;Obst;2024-11-04 17:18:40.294488;no;;yes;5;no;Obst;no;2024-11-04;2;1kg;1000g;0.27;g;;;;;;no;2024-11-03;no;lidl
Trauben hell kernlos 500g;10.0;pro 500g | 1Kg = 4.10 CHF;;;2.05;;variabel;;80505;https://sortiment.lidl.ch/de/trauben-hell-kernlos-500g-0080505;Obst;2024-10-27 23:06:55.411551;no;;no;5;no;Obst;no;2024-10-27;4;500g;500g;0.41;g;;;;;;no;;;lidl
Trauben hell kernlos 500g;10.0;pro 500g | 1Kg = 4.10 CHF;;;2.05;;variabel;;80505;https://sortiment.lidl.ch/de/trauben-hell-kernlos-500g-0080505;Obst;2024-10-28 18:00:51.015288;no;;no;5;no;Obst;no;2024-10-28;4;500g;500g;0.41;g;;;;;;no;2024-10-27;no;lidl
Trauben hell kernlos 500g;10.0;pro 500g | 1Kg = 4.10 CHF;;;2.05;;variabel;;80505;https://sortiment.lidl.ch/de/trauben-hell-kernlos-500g-0080505;Obst;2024-10-29 19:54:18.207193;no;;no;5;no;Obst;no;2024-10-29;4;500g;500g;0.41;g;;;;;;no;2024-10-28;no;lidl
Trauben hell kernlos 500g;10.0;pro 500g | 1Kg = 3.98 CHF;;;1.99;;variabel;;80505;https://sortiment.lidl.ch/de/trauben-hell-kernlos-500g-0080505;Obst;2024-10-30 20:51:01.157397;no;;no;9;yes;Obst;no;2024-10-30;4;500g;500g;0.4;g;;;;;;no;2024-10-29;no;lidl
Trauben hell kernlos 500g;10.0;pro 500g | 1Kg = 3.98 CHF;;;1.99;;variabel;;80505;https://sortiment.lidl.ch/de/trauben-hell-kernlos-500g-0080505;Obst;2024-10-31 10:28:23.800286;no;;no;9;yes;Obst;no;2024-10-31;4;500g;500g;0.4;g;;;;;;no;2024-10-30;no;lidl
Trauben hell kernlos 500g;10.0;pro 500g | 1Kg = 3.98 CHF;;;1.99;;variabel;;80505;https://sortiment.lidl.ch/de/trauben-hell-kernlos-500g-0080505;Obst;2024-11-01 09:03:50.881119;no;;no;9;yes;Obst;no;2024-11-01;4;500g;500g;0.4;g;;;;;;no;2024-10-31;no;lidl
Trauben hell kernlos 500g;10.0;pro 500g | 1Kg = 3.98 CHF;;;1.99;;variabel;;80505;https://sortiment.lidl.ch/de/trauben-hell-kernlos-500g-0080505;Obst;2024-11-03 17:40:10.068931;no;;no;9;yes;Obst;no;2024-11-03;4;500g;500g;0.4;g;;;;;;no;2024-11-01;no;lidl
Trauben hell kernlos 500g;10.0;pro 500g | 1Kg = 3.98 CHF;;;1.99;;variabel;;80505;https://sortiment.lidl.ch/de/trauben-hell-kernlos-500g-0080505;Obst;2024-11-04 17:18:40.294488;no;;no;9;yes;Obst;no;2024-11-04;4;500g;500g;0.4;g;;;;;;no;2024-11-03;no;lidl
Trauben hell kernlos 700g;0.0;pro 700g | 1Kg = 4.28 CHF;;;2.99;;variabel;;80506;https://sortiment.lidl.ch/de/trauben-hell-kernlos-700g-0080506;Obst;2024-10-27 23:06:55.411551;no;;yes;9;yes;Obst;no;2024-10-27;4;700g;700g;0.43;g;;;;;;no;;;lidl
Trauben hell kernlos 700g;0.0;pro 700g | 1Kg = 4.28 CHF;;;2.99;;variabel;;80506;https://sortiment.lidl.ch/de/trauben-hell-kernlos-700g-0080506;Obst;2024-10-28 18:00:51.015288;no;;yes;9;yes;Obst;no;2024-10-28;4;700g;700g;0.43;g;;;;;;no;2024-10-27;no;lidl
Trauben hell kernlos 700g;0.0;pro 700g | 1Kg = 4.28 CHF;;;2.99;;variabel;;80506;https://sortiment.lidl.ch/de/trauben-hell-kernlos-700g-0080506;Obst;2024-10-29 19:54:18.207193;no;;yes;9;yes;Obst;no;2024-10-29;4;700g;700g;0.43;g;;;;;;no;2024-10-28;no;lidl
Trauben hell kernlos 700g;0.0;pro 700g | 1Kg = 4.28 CHF;;;2.99;;variabel;;80506;https://sortiment.lidl.ch/de/trauben-hell-kernlos-700g-0080506;Obst;2024-10-30 20:51:01.157397;no;;yes;9;yes;Obst;no;2024-10-30;4;700g;700g;0.43;g;;;;;;no;2024-10-29;no;lidl
Trauben hell kernlos 700g;0.0;pro 700g | 1Kg = 4.28 CHF;;;2.99;;variabel;;80506;https://sortiment.lidl.ch/de/trauben-hell-kernlos-700g-0080506;Obst;2024-10-31 10:28:23.800286;no;;yes;9;yes;Obst;no;2024-10-31;4;700g;700g;0.43;g;;;;;;no;2024-10-30;no;lidl
Trauben hell kernlos 700g;0.0;pro 700g | 1Kg = 4.28 CHF;;;2.99;;variabel;;80506;https://sortiment.lidl.ch/de/trauben-hell-kernlos-700g-0080506;Obst;2024-11-01 09:03:50.881119;no;;yes;9;yes;Obst;no;2024-11-01;4;700g;700g;0.43;g;;;;;;no;2024-10-31;no;lidl
Trauben hell kernlos 700g;0.0;pro 700g | 1Kg = 4.28 CHF;;;2.99;;variabel;;80506;https://sortiment.lidl.ch/de/trauben-hell-kernlos-700g-0080506;Obst;2024-11-03 17:40:10.068931;no;;yes;9;yes;Obst;no;2024-11-03;4;700g;700g;0.43;g;;;;;;no;2024-11-01;no;lidl
Trauben hell kernlos 700g;0.0;pro 700g | 1Kg = 4.28 CHF;;;2.99;;variabel;;80506;https://sortiment.lidl.ch/de/trauben-hell-kernlos-700g-0080506;Obst;2024-11-04 17:18:40.294488;no;;yes;9;yes;Obst;no;2024-11-04;4;700g;700g;0.43;g;;;;;;no;2024-11-03;no;lidl
Trauben hell;1.0;pro 1kg |;;;2.59;;Italien;;80510;https://sortiment.lidl.ch/de/trauben-hell-0080510;Obst;2024-10-27 23:06:55.411551;no;;yes;9;yes;Obst;no;2024-10-27;2;1kg;1000g;0.26;g;;;;;;no;;;lidl
Trauben hell;1.0;pro 1kg |;;;2.59;;Italien;;80510;https://sortiment.lidl.ch/de/trauben-hell-0080510;Obst;2024-10-28 18:00:51.015288;no;;yes;9;yes;Obst;no;2024-10-28;2;1kg;1000g;0.26;g;;;;;;no;2024-10-27;no;lidl
Galiamelone;12.0;pro Stück |;;;2.59;;variabel;Rainforest Alliance;80546;https://sortiment.lidl.ch/de/galiamelone-0080546;Obst;2024-10-27 23:06:55.411551;no;;yes;9;yes;Obst;no;2024-10-27;1;Stück;1 Stück;2.59;Stück;;;;;;no;;;lidl
Galiamelone;12.0;pro Stück |;;;2.59;;variabel;Rainforest Alliance;80546;https://sortiment.lidl.ch/de/galiamelone-0080546;Obst;2024-10-28 18:00:51.015288;no;;yes;9;yes;Obst;no;2024-10-28;1;Stück;1 Stück;2.59;Stück;;;;;;no;2024-10-27;no;lidl
Galiamelone;12.0;pro Stück |;;;2.59;;variabel;Rainforest Alliance;80546;https://sortiment.lidl.ch/de/galiamelone-0080546;Obst;2024-10-29 19:54:18.207193;no;;yes;9;yes;Obst;no;2024-10-29;1;Stück;1 Stück;2.59;Stück;;;;;;no;2024-10-28;no;lidl
Galiamelone;12.0;pro Stück |;;;2.59;;variabel;Rainforest Alliance;80546;https://sortiment.lidl.ch/de/galiamelone-0080546;Obst;2024-10-30 20:51:01.157397;no;;yes;9;yes;Obst;no;2024-10-30;1;Stück;1 Stück;2.59;Stück;;;;;;no;2024-10-29;no;lidl
Galiamelone;12.0;pro Stück |;;;2.59;;variabel;Rainforest Alliance;80546;https://sortiment.lidl.ch/de/galiamelone-0080546;Obst;2024-10-31 10:28:23.800286;no;;yes;9;yes;Obst;no;2024-10-31;1;Stück;1 Stück;2.59;Stück;;;;;;no;2024-10-30;no;lidl
Galiamelone;12.0;pro Stück |;;;2.59;;variabel;Rainforest Alliance;80546;https://sortiment.lidl.ch/de/galiamelone-0080546;Obst;2024-11-01 09:03:50.881119;no;;yes;9;yes;Obst;no;2024-11-01;1;Stück;1 Stück;2.59;Stück;;;;;;no;2024-10-31;no;lidl
Galiamelone;12.0;pro Stück |;;;2.59;;variabel;Rainforest Alliance;80546;https://sortiment.lidl.ch/de/galiamelone-0080546;Obst;2024-11-03 17:40:10.068931;no;;yes;9;yes;Obst;no;2024-11-03;1;Stück;1 Stück;2.59;Stück;;;;;;no;2024-11-01;no;lidl
Galiamelone;12.0;pro Stück |;;;2.59;;variabel;Rainforest Alliance;80546;https://sortiment.lidl.ch/de/galiamelone-0080546;Obst;2024-11-04 17:18:40.294488;no;;yes;9;yes;Obst;no;2024-11-04;1;Stück;1 Stück;2.59;Stück;;;;;;no;2024-11-03;no;lidl
Ananas Extra sweet;15.0;pro Stück |;;;2.29;;variabel;Rainforest Alliance;80611;https://sortiment.lidl.ch/de/ananas-extra-sweet-0080611;Obst;2024-10-27 23:06:55.411551;no;;no;9;yes;Obst;no;2024-10-27;3;Stück;1 Stück;2.29;Stück;;;;;;no;;;lidl
Ananas Extra sweet;15.0;pro Stück |;;;2.29;;variabel;Rainforest Alliance;80611;https://sortiment.lidl.ch/de/ananas-extra-sweet-0080611;Obst;2024-10-28 18:00:51.015288;no;;no;9;yes;Obst;no;2024-10-28;3;Stück;1 Stück;2.29;Stück;;;;;;no;2024-10-27;no;lidl
Ananas Extra sweet;15.0;pro Stück |;;;2.29;;variabel;Rainforest Alliance;80611;https://sortiment.lidl.ch/de/ananas-extra-sweet-0080611;Obst;2024-10-29 19:54:18.207193;no;;no;9;yes;Obst;no;2024-10-29;3;Stück;1 Stück;2.29;Stück;;;;;;no;2024-10-28;no;lidl
Ananas Extra sweet;15.0;pro Stück |;;;2.29;;variabel;Rainforest Alliance;80611;https://sortiment.lidl.ch/de/ananas-extra-sweet-0080611;Obst;2024-10-30 20:51:01.157397;no;;no;9;yes;Obst;no;2024-10-30;3;Stück;1 Stück;2.29;Stück;;;;;;no;2024-10-29;no;lidl
Ananas Extra sweet;15.0;pro Stück |;;;2.29;;variabel;Rainforest Alliance;80611;https://sortiment.lidl.ch/de/ananas-extra-sweet-0080611;Obst;2024-10-31 10:28:23.800286;no;;no;9;yes;Obst;no;2024-10-31;3;Stück;1 Stück;2.29;Stück;;;;;;no;2024-10-30;no;lidl
Ananas Extra sweet;15.0;pro Stück |;;;2.29;;variabel;Rainforest Alliance;80611;https://sortiment.lidl.ch/de/ananas-extra-sweet-0080611;Obst;2024-11-01 09:03:50.881119;no;;no;9;yes;Obst;no;2024-11-01;3;Stück;1 Stück;2.29;Stück;;;;;;no;2024-10-31;no;lidl
Ananas Extra sweet;15.0;pro Stück |;;;2.29;;variabel;Rainforest Alliance;80611;https://sortiment.lidl.ch/de/ananas-extra-sweet-0080611;Obst;2024-11-03 17:40:10.068931;no;;no;9;yes;Obst;no;2024-11-03;3;Stück;1 Stück;2.29;Stück;;;;;;no;2024-11-01;no;lidl
Ananas Extra sweet;15.0;pro Stück |;;;2.29;;variabel;Rainforest Alliance;80611;https://sortiment.lidl.ch/de/ananas-extra-sweet-0080611;Obst;2024-11-04 17:18:40.294488;no;;no;9;yes;Obst;no;2024-11-04;3;Stück;1 Stück;2.29;Stück;;;;;;no;2024-11-03;no;lidl
Avocado ready to eat;49.0;pro Stück |;;;1.25;;variabel;Rainforest Alliance;80616;https://sortiment.lidl.ch/de/avocado-ready-to-eat-0080616;Obst;2024-10-27 23:06:55.411551;no;;no;5;no;Obst;no;2024-10-27;4;Stück;1 Stück;1.25;Stück;;;;;;no;;;lidl
Avocado ready to eat;49.0;pro Stück |;;;1.25;;variabel;Rainforest Alliance;80616;https://sortiment.lidl.ch/de/avocado-ready-to-eat-0080616;Obst;2024-10-28 18:00:51.015288;no;;no;5;no;Obst;no;2024-10-28;4;Stück;1 Stück;1.25;Stück;;;;;;no;2024-10-27;no;lidl
Avocado ready to eat;49.0;pro Stück |;;;1.25;;variabel;Rainforest Alliance;80616;https://sortiment.lidl.ch/de/avocado-ready-to-eat-0080616;Obst;2024-10-29 19:54:18.207193;no;;no;5;no;Obst;no;2024-10-29;4;Stück;1 Stück;1.25;Stück;;;;;;no;2024-10-28;no;lidl
Avocado ready to eat;49.0;pro Stück |;;;1.25;;variabel;Rainforest Alliance;80616;https://sortiment.lidl.ch/de/avocado-ready-to-eat-0080616;Obst;2024-10-30 20:51:01.157397;no;;no;5;no;Obst;no;2024-10-30;4;Stück;1 Stück;1.25;Stück;;;;;;no;2024-10-29;no;lidl
Avocado ready to eat;49.0;pro Stück |;;;1.25;;variabel;Rainforest Alliance;80616;https://sortiment.lidl.ch/de/avocado-ready-to-eat-0080616;Obst;2024-10-31 10:28:23.800286;no;;no;5;no;Obst;no;2024-10-31;4;Stück;1 Stück;1.25;Stück;;;;;;no;2024-10-30;no;lidl
Avocado ready to eat;49.0;pro Stück |;;;1.25;;variabel;Rainforest Alliance;80616;https://sortiment.lidl.ch/de/avocado-ready-to-eat-0080616;Obst;2024-11-01 09:03:50.881119;no;;no;5;no;Obst;no;2024-11-01;4;Stück;1 Stück;1.25;Stück;;;;;;no;2024-10-31;no;lidl
Avocado ready to eat;49.0;pro Stück |;;;1.25;;variabel;Rainforest Alliance;80616;https://sortiment.lidl.ch/de/avocado-ready-to-eat-0080616;Obst;2024-11-03 17:40:10.068931;no;;no;5;no;Obst;no;2024-11-03;4;Stück;1 Stück;1.25;Stück;;;;;;no;2024-11-01;no;lidl
Avocado ready to eat;49.0;pro Stück |;;;1.25;;variabel;Rainforest Alliance;80616;https://sortiment.lidl.ch/de/avocado-ready-to-eat-0080616;Obst;2024-11-04 17:18:40.294488;no;;no;5;no;Obst;no;2024-11-04;4;Stück;1 Stück;1.25;Stück;;;;;;no;2024-11-03;no;lidl
Avocado 700g;9.0;pro 700g | 1Kg = 3.56 CHF;;;2.49;;variabel;Rainforest Alliance;80619;https://sortiment.lidl.ch/de/avocado-700g-0080619;Obst;2024-10-27 23:06:55.411551;no;;yes;9;yes;Obst;no;2024-10-27;2;700g;700g;0.36;g;;;;;;no;;;lidl
Avocado 700g;9.0;pro 700g | 1Kg = 3.56 CHF;;;2.49;;variabel;Rainforest Alliance;80619;https://sortiment.lidl.ch/de/avocado-700g-0080619;Obst;2024-10-28 18:00:51.015288;no;;yes;9;yes;Obst;no;2024-10-28;2;700g;700g;0.36;g;;;;;;no;2024-10-27;no;lidl
Avocado 700g;9.0;pro 700g | 1Kg = 3.56 CHF;;;2.49;;variabel;Rainforest Alliance;80619;https://sortiment.lidl.ch/de/avocado-700g-0080619;Obst;2024-10-29 19:54:18.207193;no;;yes;9;yes;Obst;no;2024-10-29;2;700g;700g;0.36;g;;;;;;no;2024-10-28;no;lidl
Avocado 700g;9.0;pro 700g | 1Kg = 3.56 CHF;;;2.49;;variabel;Rainforest Alliance;80619;https://sortiment.lidl.ch/de/avocado-700g-0080619;Obst;2024-10-30 20:51:01.157397;no;;yes;9;yes;Obst;no;2024-10-30;2;700g;700g;0.36;g;;;;;;no;2024-10-29;no;lidl
Avocado 700g;9.0;pro 700g | 1Kg = 3.56 CHF;;;2.49;;variabel;Rainforest Alliance;80619;https://sortiment.lidl.ch/de/avocado-700g-0080619;Obst;2024-10-31 10:28:23.800286;no;;yes;9;yes;Obst;no;2024-10-31;2;700g;700g;0.36;g;;;;;;no;2024-10-30;no;lidl
Avocado 700g;9.0;pro 700g | 1Kg = 3.56 CHF;;;2.49;;variabel;Rainforest Alliance;80619;https://sortiment.lidl.ch/de/avocado-700g-0080619;Obst;2024-11-01 09:03:50.881119;no;;yes;9;yes;Obst;no;2024-11-01;2;700g;700g;0.36;g;;;;;;no;2024-10-31;no;lidl
Avocado 700g;9.0;pro 700g | 1Kg = 3.56 CHF;;;2.49;;variabel;Rainforest Alliance;80619;https://sortiment.lidl.ch/de/avocado-700g-0080619;Obst;2024-11-03 17:40:10.068931;no;;yes;9;yes;Obst;no;2024-11-03;2;700g;700g;0.36;g;;;;;;no;2024-11-01;no;lidl
Avocado 700g;9.0;pro 700g | 1Kg = 3.56 CHF;;;2.49;;variabel;Rainforest Alliance;80619;https://sortiment.lidl.ch/de/avocado-700g-0080619;Obst;2024-11-04 17:18:40.294488;no;;yes;9;yes;Obst;no;2024-11-04;2;700g;700g;0.36;g;;;;;;no;2024-11-03;no;lidl
Granatapfel;6.0;pro Stück |;;;1.05;;variabel;;80646;https://sortiment.lidl.ch/de/granatapfel-0080646;Obst;2024-10-27 23:06:55.411551;no;;no;5;no;Obst;no;2024-10-27;1;Stück;1 Stück;1.05;Stück;;;;;;no;;;lidl
Granatapfel;6.0;pro Stück |;;;1.05;;variabel;;80646;https://sortiment.lidl.ch/de/granatapfel-0080646;Obst;2024-10-28 18:00:51.015288;no;;no;5;no;Obst;no;2024-10-28;1;Stück;1 Stück;1.05;Stück;;;;;;no;2024-10-27;no;lidl
Granatapfel;6.0;pro Stück |;;;1.05;;variabel;;80646;https://sortiment.lidl.ch/de/granatapfel-0080646;Obst;2024-10-29 19:54:18.207193;no;;no;5;no;Obst;no;2024-10-29;1;Stück;1 Stück;1.05;Stück;;;;;;no;2024-10-28;no;lidl
Granatapfel;6.0;pro Stück |;;;0.99;;variabel;;80646;https://sortiment.lidl.ch/de/granatapfel-0080646;Obst;2024-10-30 20:51:01.157397;no;;no;9;yes;Obst;no;2024-10-30;1;Stück;1 Stück;0.99;Stück;;;;;;no;2024-10-29;no;lidl
Granatapfel;6.0;pro Stück |;;;0.99;;variabel;;80646;https://sortiment.lidl.ch/de/granatapfel-0080646;Obst;2024-10-31 10:28:23.800286;no;;no;9;yes;Obst;no;2024-10-31;1;Stück;1 Stück;0.99;Stück;;;;;;no;2024-10-30;no;lidl
Granatapfel;6.0;pro Stück |;;;0.99;;variabel;;80646;https://sortiment.lidl.ch/de/granatapfel-0080646;Obst;2024-11-01 09:03:50.881119;no;;no;9;yes;Obst;no;2024-11-01;1;Stück;1 Stück;0.99;Stück;;;;;;no;2024-10-31;no;lidl
Granatapfel;6.0;pro Stück |;;;0.99;;variabel;;80646;https://sortiment.lidl.ch/de/granatapfel-0080646;Obst;2024-11-03 17:40:10.068931;no;;no;9;yes;Obst;no;2024-11-03;1;Stück;1 Stück;0.99;Stück;;;;;;no;2024-11-01;no;lidl
Granatapfel;6.0;pro Stück |;;;0.99;;variabel;;80646;https://sortiment.lidl.ch/de/granatapfel-0080646;Obst;2024-11-04 17:18:40.294488;no;;no;9;yes;Obst;no;2024-11-04;1;Stück;1 Stück;0.99;Stück;;;;;;no;2024-11-03;no;lidl
Kaki;0.0;pro Stück |;;;0.69;;Spanien;;80656;https://sortiment.lidl.ch/de/kaki-0080656;Obst;2024-10-27 23:06:55.411551;no;;no;9;yes;Obst;no;2024-10-27;1;Stück;1 Stück;0.69;Stück;;;;;;no;;;lidl
Kaki;0.0;pro Stück |;;;0.69;;Spanien;;80656;https://sortiment.lidl.ch/de/kaki-0080656;Obst;2024-10-28 18:00:51.015288;no;;no;9;yes;Obst;no;2024-10-28;1;Stück;1 Stück;0.69;Stück;;;;;;no;2024-10-27;no;lidl
Kaki;0.0;pro Stück |;;;0.69;;Spanien;;80656;https://sortiment.lidl.ch/de/kaki-0080656;Obst;2024-10-29 19:54:18.207193;no;;no;9;yes;Obst;no;2024-10-29;1;Stück;1 Stück;0.69;Stück;;;;;;no;2024-10-28;no;lidl
Kaki;0.0;pro Stück |;;;0.69;;Spanien;;80656;https://sortiment.lidl.ch/de/kaki-0080656;Obst;2024-10-30 20:51:01.157397;no;;no;9;yes;Obst;no;2024-10-30;1;Stück;1 Stück;0.69;Stück;;;;;;no;2024-10-29;no;lidl
Kaki;0.0;pro Stück |;;;0.69;;Spanien;;80656;https://sortiment.lidl.ch/de/kaki-0080656;Obst;2024-10-31 10:28:23.800286;no;;no;9;yes;Obst;no;2024-10-31;1;Stück;1 Stück;0.69;Stück;;;;;;no;2024-10-30;no;lidl
Kaki;0.0;pro Stück |;;;0.69;;Spanien;;80656;https://sortiment.lidl.ch/de/kaki-0080656;Obst;2024-11-01 09:03:50.881119;no;;no;9;yes;Obst;no;2024-11-01;1;Stück;1 Stück;0.69;Stück;;;;;;no;2024-10-31;no;lidl
Kaki;0.0;pro Stück |;;;0.69;;Spanien;;80656;https://sortiment.lidl.ch/de/kaki-0080656;Obst;2024-11-03 17:40:10.068931;no;;no;9;yes;Obst;no;2024-11-03;1;Stück;1 Stück;0.69;Stück;;;;;;no;2024-11-01;no;lidl
Kaki;0.0;pro Stück |;;;0.69;;Spanien;;80656;https://sortiment.lidl.ch/de/kaki-0080656;Obst;2024-11-04 17:18:40.294488;no;;no;9;yes;Obst;no;2024-11-04;1;Stück;1 Stück;0.69;Stück;;;;;;no;2024-11-03;no;lidl
Kaki 1kg;0.0;pro 1kg |;;;2.49;;Spanien;;80660;https://sortiment.lidl.ch/de/kaki-1kg-0080660;Obst;2024-10-27 23:06:55.411551;no;;yes;9;yes;Obst;no;2024-10-27;2;1kg;1000g;0.25;g;;;;;;no;;;lidl
Kaki 1kg;0.0;pro 1kg |;;;2.49;;Spanien;;80660;https://sortiment.lidl.ch/de/kaki-1kg-0080660;Obst;2024-10-28 18:00:51.015288;no;;yes;9;yes;Obst;no;2024-10-28;2;1kg;1000g;0.25;g;;;;;;no;2024-10-27;no;lidl
Kaki 1kg;0.0;pro 1kg |;;;2.49;;Spanien;;80660;https://sortiment.lidl.ch/de/kaki-1kg-0080660;Obst;2024-10-29 19:54:18.207193;no;;yes;9;yes;Obst;no;2024-10-29;2;1kg;1000g;0.25;g;;;;;;no;2024-10-28;no;lidl
Kaki 1kg;0.0;pro 1kg |;;;2.49;;Spanien;;80660;https://sortiment.lidl.ch/de/kaki-1kg-0080660;Obst;2024-10-30 20:51:01.157397;no;;yes;9;yes;Obst;no;2024-10-30;2;1kg;1000g;0.25;g;;;;;;no;2024-10-29;no;lidl
Kaki 1kg;0.0;pro 1kg |;;;2.49;;Spanien;;80660;https://sortiment.lidl.ch/de/kaki-1kg-0080660;Obst;2024-10-31 10:28:23.800286;no;;yes;9;yes;Obst;no;2024-10-31;2;1kg;1000g;0.25;g;;;;;;no;2024-10-30;no;lidl
Kaki 1kg;0.0;pro 1kg |;;;1.79;;Spanien;;80660;https://sortiment.lidl.ch/de/kaki-1kg-0080660;Obst;2024-11-01 09:03:50.881119;no;;no;9;yes;Obst;no;2024-11-01;2;1kg;1000g;0.18;g;;;;;;no;2024-10-31;no;lidl
Kaki 1kg;0.0;pro 1kg |;;;2.49;;Spanien;;80660;https://sortiment.lidl.ch/de/kaki-1kg-0080660;Obst;2024-11-03 17:40:10.068931;no;;yes;9;yes;Obst;no;2024-11-03;2;1kg;1000g;0.25;g;;;;;;no;2024-11-01;no;lidl
Kaki 1kg;0.0;pro 1kg |;;;2.49;;Spanien;;80660;https://sortiment.lidl.ch/de/kaki-1kg-0080660;Obst;2024-11-04 17:18:40.294488;no;;yes;9;yes;Obst;no;2024-11-04;2;1kg;1000g;0.25;g;;;;;;no;2024-11-03;no;lidl
Kaktusfeigen 500g;1.0;pro 500g | 1Kg = 2.70 CHF;;;1.35;;Italien;;80666;https://sortiment.lidl.ch/de/kaktusfeigen-500g-0080666;Obst;2024-10-27 23:06:55.411551;no;;no;5;no;Obst;no;2024-10-27;2;500g;500g;0.27;g;;;;;;no;;;lidl
Kaktusfeigen 500g;1.0;pro 500g | 1Kg = 2.70 CHF;;;1.35;;Italien;;80666;https://sortiment.lidl.ch/de/kaktusfeigen-500g-0080666;Obst;2024-10-28 18:00:51.015288;no;;no;5;no;Obst;no;2024-10-28;2;500g;500g;0.27;g;;;;;;no;2024-10-27;no;lidl
Kiwi;39.0;pro Stück |;;;0.59;;Italien;;80676;https://sortiment.lidl.ch/de/kiwi-0080676;Obst;2024-10-27 23:06:55.411551;no;;no;9;yes;Obst;no;2024-10-27;1;Stück;1 Stück;0.59;Stück;;;;;;no;;;lidl
Kiwi;39.0;pro Stück |;;;0.59;;Italien;;80676;https://sortiment.lidl.ch/de/kiwi-0080676;Obst;2024-10-28 18:00:51.015288;no;;no;9;yes;Obst;no;2024-10-28;1;Stück;1 Stück;0.59;Stück;;;;;;no;2024-10-27;no;lidl
Kiwi;39.0;pro Stück |;;;0.59;;Italien;;80676;https://sortiment.lidl.ch/de/kiwi-0080676;Obst;2024-10-29 19:54:18.207193;no;;no;9;yes;Obst;no;2024-10-29;1;Stück;1 Stück;0.59;Stück;;;;;;no;2024-10-28;no;lidl
Kiwi;39.0;pro Stück |;;;0.59;;Italien;;80676;https://sortiment.lidl.ch/de/kiwi-0080676;Obst;2024-10-30 20:51:01.157397;no;;no;9;yes;Obst;no;2024-10-30;1;Stück;1 Stück;0.59;Stück;;;;;;no;2024-10-29;no;lidl
Kiwi;39.0;pro Stück |;;;0.59;;Italien;;80676;https://sortiment.lidl.ch/de/kiwi-0080676;Obst;2024-10-31 10:28:23.800286;no;;no;9;yes;Obst;no;2024-10-31;1;Stück;1 Stück;0.59;Stück;;;;;;no;2024-10-30;no;lidl
Kiwi;39.0;pro Stück |;;;0.59;;Italien;;80676;https://sortiment.lidl.ch/de/kiwi-0080676;Obst;2024-11-01 09:03:50.881119;no;;no;9;yes;Obst;no;2024-11-01;1;Stück;1 Stück;0.59;Stück;;;;;;no;2024-10-31;no;lidl
Kiwi;39.0;pro Stück |;;;0.59;;Italien;;80676;https://sortiment.lidl.ch/de/kiwi-0080676;Obst;2024-11-03 17:40:10.068931;no;;no;9;yes;Obst;no;2024-11-03;1;Stück;1 Stück;0.59;Stück;;;;;;no;2024-11-01;no;lidl
Kiwi;39.0;pro Stück |;;;0.59;;Italien;;80676;https://sortiment.lidl.ch/de/kiwi-0080676;Obst;2024-11-04 17:18:40.294488;no;;no;9;yes;Obst;no;2024-11-04;1;Stück;1 Stück;0.59;Stück;;;;;;no;2024-11-03;no;lidl
Kiwi Gold 3 Stück;8.0;pro 3 Stück |;;;1.99;;variabel;;80690;https://sortiment.lidl.ch/de/kiwi-gold-3-stueck-0080690;Obst;2024-10-27 23:06:55.411551;no;;no;9;yes;Obst;no;2024-10-27;4;3;3 Stücke;0.66;Stück;;;;;;no;;;lidl
Kiwi Gold 3 Stück;8.0;pro 3 Stück |;;;1.99;;variabel;;80690;https://sortiment.lidl.ch/de/kiwi-gold-3-stueck-0080690;Obst;2024-10-28 18:00:51.015288;no;;no;9;yes;Obst;no;2024-10-28;4;3;3 Stücke;0.66;Stück;;;;;;no;2024-10-27;no;lidl
Kiwi Gold 3 Stück;8.0;pro 3 Stück |;;;1.99;;variabel;;80690;https://sortiment.lidl.ch/de/kiwi-gold-3-stueck-0080690;Obst;2024-10-29 19:54:18.207193;no;;no;9;yes;Obst;no;2024-10-29;4;3;3 Stücke;0.66;Stück;;;;;;no;2024-10-28;no;lidl
Kiwi Gold 3 Stück;8.0;pro 3 Stück |;;;1.99;;variabel;;80690;https://sortiment.lidl.ch/de/kiwi-gold-3-stueck-0080690;Obst;2024-10-30 20:51:01.157397;no;;no;9;yes;Obst;no;2024-10-30;4;3;3 Stücke;0.66;Stück;;;;;;no;2024-10-29;no;lidl
Kiwi Gold 3 Stück;8.0;pro 3 Stück |;;;1.99;;variabel;;80690;https://sortiment.lidl.ch/de/kiwi-gold-3-stueck-0080690;Obst;2024-10-31 10:28:23.800286;no;;no;9;yes;Obst;no;2024-10-31;4;3;3 Stücke;0.66;Stück;;;;;;no;2024-10-30;no;lidl
Kiwi Gold 3 Stück;8.0;pro 3 Stück |;;;1.99;;variabel;;80690;https://sortiment.lidl.ch/de/kiwi-gold-3-stueck-0080690;Obst;2024-11-01 09:03:50.881119;no;;no;9;yes;Obst;no;2024-11-01;4;3;3 Stücke;0.66;Stück;;;;;;no;2024-10-31;no;lidl
Kiwi Gold 3 Stück;8.0;pro 3 Stück |;;;1.99;;variabel;;80690;https://sortiment.lidl.ch/de/kiwi-gold-3-stueck-0080690;Obst;2024-11-03 17:40:10.068931;no;;no;9;yes;Obst;no;2024-11-03;4;3;3 Stücke;0.66;Stück;;;;;;no;2024-11-01;no;lidl
Kiwi Gold 3 Stück;8.0;pro 3 Stück |;;;1.99;;variabel;;80690;https://sortiment.lidl.ch/de/kiwi-gold-3-stueck-0080690;Obst;2024-11-04 17:18:40.294488;no;;no;9;yes;Obst;no;2024-11-04;4;3;3 Stücke;0.66;Stück;;;;;;no;2024-11-03;no;lidl
Kokosnuss;1.0;pro Stück |;;;0.99;;variabel;;80696;https://sortiment.lidl.ch/de/kokosnuss-0080696;Obst;2024-10-27 23:06:55.411551;no;;no;9;yes;Obst;no;2024-10-27;1;Stück;1 Stück;0.99;Stück;;;;;;no;;;lidl
Kokosnuss;1.0;pro Stück |;;;0.99;;variabel;;80696;https://sortiment.lidl.ch/de/kokosnuss-0080696;Obst;2024-10-28 18:00:51.015288;no;;no;9;yes;Obst;no;2024-10-28;1;Stück;1 Stück;0.99;Stück;;;;;;no;2024-10-27;no;lidl
Kokosnuss;1.0;pro Stück |;;;0.99;;variabel;;80696;https://sortiment.lidl.ch/de/kokosnuss-0080696;Obst;2024-10-29 19:54:18.207193;no;;no;9;yes;Obst;no;2024-10-29;1;Stück;1 Stück;0.99;Stück;;;;;;no;2024-10-28;no;lidl
Kokosnuss;1.0;pro Stück |;;;0.99;;variabel;;80696;https://sortiment.lidl.ch/de/kokosnuss-0080696;Obst;2024-10-30 20:51:01.157397;no;;no;9;yes;Obst;no;2024-10-30;1;Stück;1 Stück;0.99;Stück;;;;;;no;2024-10-29;no;lidl
Kokosnuss;1.0;pro Stück |;;;0.99;;variabel;;80696;https://sortiment.lidl.ch/de/kokosnuss-0080696;Obst;2024-10-31 10:28:23.800286;no;;no;9;yes;Obst;no;2024-10-31;1;Stück;1 Stück;0.99;Stück;;;;;;no;2024-10-30;no;lidl
Kokosnuss;1.0;pro Stück |;;;0.99;;variabel;;80696;https://sortiment.lidl.ch/de/kokosnuss-0080696;Obst;2024-11-01 09:03:50.881119;no;;no;9;yes;Obst;no;2024-11-01;1;Stück;1 Stück;0.99;Stück;;;;;;no;2024-10-31;no;lidl
Kokosnuss;1.0;pro Stück |;;;0.99;;variabel;;80696;https://sortiment.lidl.ch/de/kokosnuss-0080696;Obst;2024-11-03 17:40:10.068931;no;;no;9;yes;Obst;no;2024-11-03;1;Stück;1 Stück;0.99;Stück;;;;;;no;2024-11-01;no;lidl
Kokosnuss;1.0;pro Stück |;;;0.99;;variabel;;80696;https://sortiment.lidl.ch/de/kokosnuss-0080696;Obst;2024-11-04 17:18:40.294488;no;;no;9;yes;Obst;no;2024-11-04;1;Stück;1 Stück;0.99;Stück;;;;;;no;2024-11-03;no;lidl
Mango;13.0;pro Stück |;;;1.95;;Spanien;Rainforest Alliance;80711;https://sortiment.lidl.ch/de/mango-0080711;Obst;2024-10-27 23:06:55.411551;no;;no;5;no;Obst;no;2024-10-27;1;Stück;1 Stück;1.95;Stück;;;;;;no;;;lidl
Mango;13.0;pro Stück |;;;1.95;;Spanien;Rainforest Alliance;80711;https://sortiment.lidl.ch/de/mango-0080711;Obst;2024-10-28 18:00:51.015288;no;;no;5;no;Obst;no;2024-10-28;1;Stück;1 Stück;1.95;Stück;;;;;;no;2024-10-27;no;lidl
Mango;13.0;pro Stück |;;;1.95;;Spanien;Rainforest Alliance;80711;https://sortiment.lidl.ch/de/mango-0080711;Obst;2024-10-29 19:54:18.207193;no;;no;5;no;Obst;no;2024-10-29;1;Stück;1 Stück;1.95;Stück;;;;;;no;2024-10-28;no;lidl
Mango;13.0;pro Stück |;;;1.95;;Spanien;Rainforest Alliance;80711;https://sortiment.lidl.ch/de/mango-0080711;Obst;2024-10-30 20:51:01.157397;no;;no;5;no;Obst;no;2024-10-30;1;Stück;1 Stück;1.95;Stück;;;;;;no;2024-10-29;no;lidl
Mango;13.0;pro Stück |;;;1.75;;Spanien;Rainforest Alliance;80711;https://sortiment.lidl.ch/de/mango-0080711;Obst;2024-10-31 10:28:23.800286;no;;no;5;no;Obst;no;2024-10-31;1;Stück;1 Stück;1.75;Stück;;;;;;no;2024-10-30;no;lidl
Mango;13.0;pro Stück |;;;1.75;;Spanien;Rainforest Alliance;80711;https://sortiment.lidl.ch/de/mango-0080711;Obst;2024-11-01 09:03:50.881119;no;;no;5;no;Obst;no;2024-11-01;1;Stück;1 Stück;1.75;Stück;;;;;;no;2024-10-31;no;lidl
Mango;13.0;pro Stück |;;;1.49;;Spanien;Rainforest Alliance;80711;https://sortiment.lidl.ch/de/mango-0080711;Obst;2024-11-03 17:40:10.068931;no;;no;9;yes;Obst;no;2024-11-03;1;Stück;1 Stück;1.49;Stück;;;;;;no;2024-11-01;no;lidl
Mango;13.0;pro Stück |;;;1.49;;Spanien;Rainforest Alliance;80711;https://sortiment.lidl.ch/de/mango-0080711;Obst;2024-11-04 17:18:40.294488;no;;no;9;yes;Obst;no;2024-11-04;1;Stück;1 Stück;1.49;Stück;;;;;;no;2024-11-03;no;lidl
Papaya;9.0;pro 1kg |;;;2.89;;Spanien;;80725;https://sortiment.lidl.ch/de/papaya-0080725;Obst;2024-10-27 23:06:55.411551;no;;yes;9;yes;Obst;no;2024-10-27;1;1kg;1000g;0.29;g;;;;;;no;;;lidl
Papaya;9.0;pro 1kg |;;;2.89;;Spanien;;80725;https://sortiment.lidl.ch/de/papaya-0080725;Obst;2024-10-28 18:00:51.015288;no;;yes;9;yes;Obst;no;2024-10-28;1;1kg;1000g;0.29;g;;;;;;no;2024-10-27;no;lidl
Papaya;9.0;pro 1kg |;;;2.89;;Spanien;;80725;https://sortiment.lidl.ch/de/papaya-0080725;Obst;2024-10-29 19:54:18.207193;no;;yes;9;yes;Obst;no;2024-10-29;1;1kg;1000g;0.29;g;;;;;;no;2024-10-28;no;lidl
Papaya;9.0;pro 1kg |;;;2.89;;Spanien;;80725;https://sortiment.lidl.ch/de/papaya-0080725;Obst;2024-10-30 20:51:01.157397;no;;yes;9;yes;Obst;no;2024-10-30;1;1kg;1000g;0.29;g;;;;;;no;2024-10-29;no;lidl
Papaya;9.0;pro 1kg |;;;2.89;;Spanien;;80725;https://sortiment.lidl.ch/de/papaya-0080725;Obst;2024-10-31 10:28:23.800286;no;;yes;9;yes;Obst;no;2024-10-31;1;1kg;1000g;0.29;g;;;;;;no;2024-10-30;no;lidl
Papaya;9.0;pro 1kg |;;;2.89;;Spanien;;80725;https://sortiment.lidl.ch/de/papaya-0080725;Obst;2024-11-01 09:03:50.881119;no;;yes;9;yes;Obst;no;2024-11-01;1;1kg;1000g;0.29;g;;;;;;no;2024-10-31;no;lidl
Papaya;9.0;pro 1kg |;;;2.89;;Spanien;;80725;https://sortiment.lidl.ch/de/papaya-0080725;Obst;2024-11-03 17:40:10.068931;no;;yes;9;yes;Obst;no;2024-11-03;1;1kg;1000g;0.29;g;;;;;;no;2024-11-01;no;lidl
Papaya;9.0;pro 1kg |;;;2.89;;Spanien;;80725;https://sortiment.lidl.ch/de/papaya-0080725;Obst;2024-11-04 17:18:40.294488;no;;yes;9;yes;Obst;no;2024-11-04;1;1kg;1000g;0.29;g;;;;;;no;2024-11-03;no;lidl
Physalis 100g;8.0;pro 100g |;;;1.19;;Kolumbien;;80735;https://sortiment.lidl.ch/de/physalis-100g-0080735;Obst;2024-10-27 23:06:55.411551;no;;no;9;yes;Obst;no;2024-10-27;2;100g;100g;1.19;g;;;;;;no;;;lidl
Physalis 100g;8.0;pro 100g |;;;1.19;;Kolumbien;;80735;https://sortiment.lidl.ch/de/physalis-100g-0080735;Obst;2024-10-28 18:00:51.015288;no;;no;9;yes;Obst;no;2024-10-28;2;100g;100g;1.19;g;;;;;;no;2024-10-27;no;lidl
Physalis 100g;8.0;pro 100g |;;;1.19;;Kolumbien;;80735;https://sortiment.lidl.ch/de/physalis-100g-0080735;Obst;2024-10-29 19:54:18.207193;no;;no;9;yes;Obst;no;2024-10-29;2;100g;100g;1.19;g;;;;;;no;2024-10-28;no;lidl
Physalis 100g;8.0;pro 100g |;;;1.19;;Kolumbien;;80735;https://sortiment.lidl.ch/de/physalis-100g-0080735;Obst;2024-10-30 20:51:01.157397;no;;no;9;yes;Obst;no;2024-10-30;2;100g;100g;1.19;g;;;;;;no;2024-10-29;no;lidl
Physalis 100g;8.0;pro 100g |;;;1.19;;Kolumbien;;80735;https://sortiment.lidl.ch/de/physalis-100g-0080735;Obst;2024-10-31 10:28:23.800286;no;;no;9;yes;Obst;no;2024-10-31;2;100g;100g;1.19;g;;;;;;no;2024-10-30;no;lidl
Physalis 100g;8.0;pro 100g |;;;1.19;;Kolumbien;;80735;https://sortiment.lidl.ch/de/physalis-100g-0080735;Obst;2024-11-01 09:03:50.881119;no;;no;9;yes;Obst;no;2024-11-01;2;100g;100g;1.19;g;;;;;;no;2024-10-31;no;lidl
Physalis 100g;8.0;pro 100g |;;;1.19;;Kolumbien;;80735;https://sortiment.lidl.ch/de/physalis-100g-0080735;Obst;2024-11-03 17:40:10.068931;no;;no;9;yes;Obst;no;2024-11-03;2;100g;100g;1.19;g;;;;;;no;2024-11-01;no;lidl
Physalis 100g;8.0;pro 100g |;;;1.19;;Kolumbien;;80735;https://sortiment.lidl.ch/de/physalis-100g-0080735;Obst;2024-11-04 17:18:40.294488;no;;no;9;yes;Obst;no;2024-11-04;2;100g;100g;1.19;g;;;;;;no;2024-11-03;no;lidl
Fairtrade Passionsfrucht;27.0;pro Stück |;;;0.49;;Kolumbien;Fairglobe;80747;https://sortiment.lidl.ch/de/fairtrade-passionsfrucht-0080747;Obst;2024-10-27 23:06:55.411551;no;;no;9;yes;Obst;no;2024-10-27;2;Stück;1 Stück;0.49;Stück;;;;;;no;;;lidl
Fairtrade Passionsfrucht;27.0;pro Stück |;;;0.49;;Kolumbien;Fairglobe;80747;https://sortiment.lidl.ch/de/fairtrade-passionsfrucht-0080747;Obst;2024-10-28 18:00:51.015288;no;;no;9;yes;Obst;no;2024-10-28;2;Stück;1 Stück;0.49;Stück;;;;;;no;2024-10-27;no;lidl
Fairtrade Passionsfrucht;27.0;pro Stück |;;;0.49;;Kolumbien;Fairglobe;80747;https://sortiment.lidl.ch/de/fairtrade-passionsfrucht-0080747;Obst;2024-10-29 19:54:18.207193;no;;no;9;yes;Obst;no;2024-10-29;2;Stück;1 Stück;0.49;Stück;;;;;;no;2024-10-28;no;lidl
Fairtrade Passionsfrucht;27.0;pro Stück |;;;0.49;;Kolumbien;Fairglobe;80747;https://sortiment.lidl.ch/de/fairtrade-passionsfrucht-0080747;Obst;2024-10-30 20:51:01.157397;no;;no;9;yes;Obst;no;2024-10-30;2;Stück;1 Stück;0.49;Stück;;;;;;no;2024-10-29;no;lidl
Fairtrade Passionsfrucht;27.0;pro Stück |;;;0.49;;Kolumbien;Fairglobe;80747;https://sortiment.lidl.ch/de/fairtrade-passionsfrucht-0080747;Obst;2024-10-31 10:28:23.800286;no;;no;9;yes;Obst;no;2024-10-31;2;Stück;1 Stück;0.49;Stück;;;;;;no;2024-10-30;no;lidl
Fairtrade Passionsfrucht;27.0;pro Stück |;;;0.49;;Kolumbien;Fairglobe;80747;https://sortiment.lidl.ch/de/fairtrade-passionsfrucht-0080747;Obst;2024-11-01 09:03:50.881119;no;;no;9;yes;Obst;no;2024-11-01;2;Stück;1 Stück;0.49;Stück;;;;;;no;2024-10-31;no;lidl
Fairtrade Passionsfrucht;27.0;pro Stück |;;;0.49;;Kolumbien;Fairglobe;80747;https://sortiment.lidl.ch/de/fairtrade-passionsfrucht-0080747;Obst;2024-11-03 17:40:10.068931;no;;no;9;yes;Obst;no;2024-11-03;2;Stück;1 Stück;0.49;Stück;;;;;;no;2024-11-01;no;lidl
Fairtrade Passionsfrucht;27.0;pro Stück |;;;0.49;;Kolumbien;Fairglobe;80747;https://sortiment.lidl.ch/de/fairtrade-passionsfrucht-0080747;Obst;2024-11-04 17:18:40.294488;no;;no;9;yes;Obst;no;2024-11-04;2;Stück;1 Stück;0.49;Stück;;;;;;no;2024-11-03;no;lidl
Süsskartoffeln;18.0;pro 1kg |;;;1.79;;variabel;;80755;https://sortiment.lidl.ch/de/suesskartoffeln-0080755;Gemüse;2024-10-27 23:06:55.411551;no;;no;9;yes;Gemüse;no;2024-10-27;1;1kg;1000g;0.18;g;;;;;;no;;;lidl
Süsskartoffeln;18.0;pro 1kg |;;;1.79;;variabel;;80755;https://sortiment.lidl.ch/de/suesskartoffeln-0080755;Gemüse;2024-10-28 18:00:51.015288;no;;no;9;yes;Gemüse;no;2024-10-28;1;1kg;1000g;0.18;g;;;;;;no;2024-10-27;no;lidl
Süsskartoffeln;18.0;pro 1kg |;;;1.79;;variabel;;80755;https://sortiment.lidl.ch/de/suesskartoffeln-0080755;Gemüse;2024-10-29 19:54:18.207193;no;;no;9;yes;Gemüse;no;2024-10-29;1;1kg;1000g;0.18;g;;;;;;no;2024-10-28;no;lidl
Süsskartoffeln;18.0;pro 1kg |;;;1.79;;variabel;;80755;https://sortiment.lidl.ch/de/suesskartoffeln-0080755;Gemüse;2024-10-30 20:51:01.157397;no;;no;9;yes;Gemüse;no;2024-10-30;1;1kg;1000g;0.18;g;;;;;;no;2024-10-29;no;lidl
Süsskartoffeln;18.0;pro 1kg |;;;1.79;;variabel;;80755;https://sortiment.lidl.ch/de/suesskartoffeln-0080755;Gemüse;2024-10-31 10:28:23.800286;no;;no;9;yes;Gemüse;no;2024-10-31;1;1kg;1000g;0.18;g;;;;;;no;2024-10-30;no;lidl
Süsskartoffeln;18.0;pro 1kg |;;;1.79;;variabel;;80755;https://sortiment.lidl.ch/de/suesskartoffeln-0080755;Gemüse;2024-11-01 09:03:50.881119;no;;no;9;yes;Gemüse;no;2024-11-01;1;1kg;1000g;0.18;g;;;;;;no;2024-10-31;no;lidl
Süsskartoffeln;18.0;pro 1kg |;;;1.79;;variabel;;80755;https://sortiment.lidl.ch/de/suesskartoffeln-0080755;Gemüse;2024-11-03 17:40:10.068931;no;;no;9;yes;Gemüse;no;2024-11-03;1;1kg;1000g;0.18;g;;;;;;no;2024-11-01;no;lidl
Süsskartoffeln;18.0;pro 1kg |;;;1.79;;variabel;;80755;https://sortiment.lidl.ch/de/suesskartoffeln-0080755;Gemüse;2024-11-04 17:18:40.294488;no;;no;9;yes;Gemüse;no;2024-11-04;1;1kg;1000g;0.18;g;;;;;;no;2024-11-03;no;lidl
Heidelbeeren 400g;59.0;pro 400g | 100g = 1.43 CHF;;;5.69;;variabel;;80818;https://sortiment.lidl.ch/de/heidelbeeren-400g-0080818;Obst;2024-10-27 23:06:55.411551;no;;yes;9;yes;Obst;no;2024-10-27;2;400g;400g;1.42;g;;;;;;no;;;lidl
Heidelbeeren 400g;59.0;pro 400g | 100g = 1.43 CHF;;;5.69;;variabel;;80818;https://sortiment.lidl.ch/de/heidelbeeren-400g-0080818;Obst;2024-10-28 18:00:51.015288;no;;yes;9;yes;Obst;no;2024-10-28;2;400g;400g;1.42;g;;;;;;no;2024-10-27;no;lidl
Heidelbeeren 400g;59.0;pro 400g | 100g = 1.43 CHF;;;5.69;;variabel;;80818;https://sortiment.lidl.ch/de/heidelbeeren-400g-0080818;Obst;2024-10-29 19:54:18.207193;no;;yes;9;yes;Obst;no;2024-10-29;2;400g;400g;1.42;g;;;;;;no;2024-10-28;no;lidl
Heidelbeeren 400g;59.0;pro 400g | 100g = 1.43 CHF;;;5.69;;variabel;;80818;https://sortiment.lidl.ch/de/heidelbeeren-400g-0080818;Obst;2024-10-30 20:51:01.157397;no;;yes;9;yes;Obst;no;2024-10-30;2;400g;400g;1.42;g;;;;;;no;2024-10-29;no;lidl
Heidelbeeren 400g;59.0;pro 400g | 100g = 1.43 CHF;;;5.69;;variabel;;80818;https://sortiment.lidl.ch/de/heidelbeeren-400g-0080818;Obst;2024-10-31 10:28:23.800286;no;;yes;9;yes;Obst;no;2024-10-31;2;400g;400g;1.42;g;;;;;;no;2024-10-30;no;lidl
Heidelbeeren 400g;59.0;pro 400g | 100g = 1.43 CHF;;;5.69;;variabel;;80818;https://sortiment.lidl.ch/de/heidelbeeren-400g-0080818;Obst;2024-11-01 09:03:50.881119;no;;yes;9;yes;Obst;no;2024-11-01;2;400g;400g;1.42;g;;;;;;no;2024-10-31;no;lidl
Heidelbeeren 400g;59.0;pro 400g | 100g = 1.43 CHF;;;5.69;;variabel;;80818;https://sortiment.lidl.ch/de/heidelbeeren-400g-0080818;Obst;2024-11-03 17:40:10.068931;no;;yes;9;yes;Obst;no;2024-11-03;2;400g;400g;1.42;g;;;;;;no;2024-11-01;no;lidl
Heidelbeeren 400g;59.0;pro 400g | 100g = 1.43 CHF;;;5.69;;variabel;;80818;https://sortiment.lidl.ch/de/heidelbeeren-400g-0080818;Obst;2024-11-04 17:18:40.294488;no;;yes;9;yes;Obst;no;2024-11-04;2;400g;400g;1.42;g;;;;;;no;2024-11-03;no;lidl
Heidelbeeren 250g;14.0;pro 250g | 100g = 1.52 CHF;;;3.79;;variabel;;80823;https://sortiment.lidl.ch/de/heidelbeeren-250g-0080823;Obst;2024-10-27 23:06:55.411551;no;;yes;9;yes;Obst;no;2024-10-27;2;250g;250g;1.52;g;;;;;;no;;;lidl
Heidelbeeren 250g;14.0;pro 250g | 100g = 1.52 CHF;;;3.79;;variabel;;80823;https://sortiment.lidl.ch/de/heidelbeeren-250g-0080823;Obst;2024-10-28 18:00:51.015288;no;;yes;9;yes;Obst;no;2024-10-28;2;250g;250g;1.52;g;;;;;;no;2024-10-27;no;lidl
Heidelbeeren 250g;14.0;pro 250g | 100g = 1.52 CHF;;;3.79;;variabel;;80823;https://sortiment.lidl.ch/de/heidelbeeren-250g-0080823;Obst;2024-10-29 19:54:18.207193;no;;yes;9;yes;Obst;no;2024-10-29;2;250g;250g;1.52;g;;;;;;no;2024-10-28;no;lidl
Heidelbeeren 250g;14.0;pro 250g | 100g = 1.52 CHF;;;3.79;;variabel;;80823;https://sortiment.lidl.ch/de/heidelbeeren-250g-0080823;Obst;2024-10-30 20:51:01.157397;no;;yes;9;yes;Obst;no;2024-10-30;2;250g;250g;1.52;g;;;;;;no;2024-10-29;no;lidl
Heidelbeeren 250g;14.0;pro 250g | 100g = 1.52 CHF;;;3.79;;variabel;;80823;https://sortiment.lidl.ch/de/heidelbeeren-250g-0080823;Obst;2024-10-31 10:28:23.800286;no;;yes;9;yes;Obst;no;2024-10-31;2;250g;250g;1.52;g;;;;;;no;2024-10-30;no;lidl
Heidelbeeren 250g;14.0;pro 250g | 100g = 1.52 CHF;;;3.79;;variabel;;80823;https://sortiment.lidl.ch/de/heidelbeeren-250g-0080823;Obst;2024-11-01 09:03:50.881119;no;;yes;9;yes;Obst;no;2024-11-01;2;250g;250g;1.52;g;;;;;;no;2024-10-31;no;lidl
Heidelbeeren 250g;14.0;pro 250g | 100g = 1.52 CHF;;;3.79;;variabel;;80823;https://sortiment.lidl.ch/de/heidelbeeren-250g-0080823;Obst;2024-11-03 17:40:10.068931;no;;yes;9;yes;Obst;no;2024-11-03;2;250g;250g;1.52;g;;;;;;no;2024-11-01;no;lidl
Heidelbeeren 250g;14.0;pro 250g | 100g = 1.52 CHF;;;3.79;;variabel;;80823;https://sortiment.lidl.ch/de/heidelbeeren-250g-0080823;Obst;2024-11-04 17:18:40.294488;no;;yes;9;yes;Obst;no;2024-11-04;2;250g;250g;1.52;g;;;;;;no;2024-11-03;no;lidl
Himbeeren 250g;10.0;pro 250g | 100g = 1.60 CHF;;;3.99;;Spanien;;80838;https://sortiment.lidl.ch/de/himbeeren-250g-0080838;Obst;2024-10-27 23:06:55.411551;no;;yes;9;yes;Obst;no;2024-10-27;2;250g;250g;1.6;g;;;;;;no;;;lidl
Himbeeren 250g;10.0;pro 250g | 100g = 1.60 CHF;;;3.99;;Spanien;;80838;https://sortiment.lidl.ch/de/himbeeren-250g-0080838;Obst;2024-10-28 18:00:51.015288;no;;yes;9;yes;Obst;no;2024-10-28;2;250g;250g;1.6;g;;;;;;no;2024-10-27;no;lidl
Himbeeren 250g;10.0;pro 250g | 100g = 1.60 CHF;;;3.99;;Spanien;;80838;https://sortiment.lidl.ch/de/himbeeren-250g-0080838;Obst;2024-10-29 19:54:18.207193;no;;yes;9;yes;Obst;no;2024-10-29;2;250g;250g;1.6;g;;;;;;no;2024-10-28;no;lidl
Himbeeren 250g;10.0;pro 250g | 100g = 1.60 CHF;;;3.99;;Spanien;;80838;https://sortiment.lidl.ch/de/himbeeren-250g-0080838;Obst;2024-10-30 20:51:01.157397;no;;yes;9;yes;Obst;no;2024-10-30;2;250g;250g;1.6;g;;;;;;no;2024-10-29;no;lidl
Himbeeren 250g;10.0;pro 250g | 100g = 1.60 CHF;;;3.99;;Spanien;;80838;https://sortiment.lidl.ch/de/himbeeren-250g-0080838;Obst;2024-10-31 10:28:23.800286;no;;yes;9;yes;Obst;no;2024-10-31;2;250g;250g;1.6;g;;;;;;no;2024-10-30;no;lidl
Himbeeren 250g;10.0;pro 250g | 100g = 1.60 CHF;;;3.99;;Spanien;;80838;https://sortiment.lidl.ch/de/himbeeren-250g-0080838;Obst;2024-11-01 09:03:50.881119;no;;yes;9;yes;Obst;no;2024-11-01;2;250g;250g;1.6;g;;;;;;no;2024-10-31;no;lidl
Himbeeren 250g;10.0;pro 250g | 100g = 1.60 CHF;;;3.99;;Spanien;;80838;https://sortiment.lidl.ch/de/himbeeren-250g-0080838;Obst;2024-11-03 17:40:10.068931;no;;yes;9;yes;Obst;no;2024-11-03;2;250g;250g;1.6;g;;;;;;no;2024-11-01;no;lidl
Himbeeren 250g;10.0;pro 250g | 100g = 1.60 CHF;;;3.99;;Spanien;;80838;https://sortiment.lidl.ch/de/himbeeren-250g-0080838;Obst;2024-11-04 17:18:40.294488;no;;yes;9;yes;Obst;no;2024-11-04;2;250g;250g;1.6;g;;;;;;no;2024-11-03;no;lidl
Maroni;3.0;pro 1kg |;;;7.9;;Italien;;80915;https://sortiment.lidl.ch/de/maroni-0080915;Obst;2024-10-27 23:06:55.411551;no;;yes;9;yes;Obst;no;2024-10-27;1;1kg;1000g;0.79;g;;;;;;no;;;lidl
Maroni;4.0;pro 1kg |;;;7.9;;Italien;;80915;https://sortiment.lidl.ch/de/maroni-0080915;Obst;2024-10-28 18:00:51.015288;no;;yes;9;yes;Obst;no;2024-10-28;1;1kg;1000g;0.79;g;;;;;;no;2024-10-27;no;lidl
Maroni;4.0;pro 1kg |;;;7.9;;Italien;;80915;https://sortiment.lidl.ch/de/maroni-0080915;Obst;2024-10-29 19:54:18.207193;no;;yes;9;yes;Obst;no;2024-10-29;1;1kg;1000g;0.79;g;;;;;;no;2024-10-28;no;lidl
Maroni;4.0;pro 1kg |;;;7.9;;Italien;;80915;https://sortiment.lidl.ch/de/maroni-0080915;Obst;2024-10-30 20:51:01.157397;no;;yes;9;yes;Obst;no;2024-10-30;1;1kg;1000g;0.79;g;;;;;;no;2024-10-29;no;lidl
Maroni;4.0;pro 1kg |;;;7.9;;Italien;;80915;https://sortiment.lidl.ch/de/maroni-0080915;Obst;2024-10-31 10:28:23.800286;no;;yes;9;yes;Obst;no;2024-10-31;1;1kg;1000g;0.79;g;;;;;;no;2024-10-30;no;lidl
Maroni;4.0;pro 1kg |;;;7.9;;Italien;;80915;https://sortiment.lidl.ch/de/maroni-0080915;Obst;2024-11-01 09:03:50.881119;no;;yes;9;yes;Obst;no;2024-11-01;1;1kg;1000g;0.79;g;;;;;;no;2024-10-31;no;lidl
Maroni;4.0;pro 1kg |;;;7.9;;Italien;;80915;https://sortiment.lidl.ch/de/maroni-0080915;Obst;2024-11-03 17:40:10.068931;no;;yes;9;yes;Obst;no;2024-11-03;1;1kg;1000g;0.79;g;;;;;;no;2024-11-01;no;lidl
Maroni;4.0;pro 1kg |;;;7.9;;Italien;;80915;https://sortiment.lidl.ch/de/maroni-0080915;Obst;2024-11-04 17:18:40.294488;no;;yes;9;yes;Obst;no;2024-11-04;1;1kg;1000g;0.79;g;;;;;;no;2024-11-03;no;lidl
Fairtrade Bio Bananen;21.0;pro 1kg |;;;2.69;;variabel;Fairglobe;81510;https://sortiment.lidl.ch/de/fairtrade-bio-bananen-0081510;Obst;2024-10-27 23:06:55.411551;no;;yes;9;yes;Obst;yes;2024-10-27;3;1kg;1000g;0.27;g;;;;;;no;;;lidl
Fairtrade Bio Bananen;22.0;pro 1kg |;;;2.69;;variabel;Fairglobe;81510;https://sortiment.lidl.ch/de/fairtrade-bio-bananen-0081510;Obst;2024-10-28 18:00:51.015288;no;;yes;9;yes;Obst;yes;2024-10-28;3;1kg;1000g;0.27;g;;;;;;no;2024-10-27;no;lidl
Fairtrade Bio Bananen;22.0;pro 1kg |;;;2.69;;variabel;Fairglobe;81510;https://sortiment.lidl.ch/de/fairtrade-bio-bananen-0081510;Obst;2024-10-29 19:54:18.207193;no;;yes;9;yes;Obst;yes;2024-10-29;3;1kg;1000g;0.27;g;;;;;;no;2024-10-28;no;lidl
Fairtrade Bio Bananen;22.0;pro 1kg |;;;2.69;;variabel;Fairglobe;81510;https://sortiment.lidl.ch/de/fairtrade-bio-bananen-0081510;Obst;2024-10-30 20:51:01.157397;no;;yes;9;yes;Obst;yes;2024-10-30;3;1kg;1000g;0.27;g;;;;;;no;2024-10-29;no;lidl
Fairtrade Bio Bananen;22.0;pro 1kg |;;;2.69;;variabel;Fairglobe;81510;https://sortiment.lidl.ch/de/fairtrade-bio-bananen-0081510;Obst;2024-10-31 10:28:23.800286;no;;yes;9;yes;Obst;yes;2024-10-31;3;1kg;1000g;0.27;g;;;;;;no;2024-10-30;no;lidl
Fairtrade Bio Bananen;22.0;pro 1kg |;;;2.69;;variabel;Fairglobe;81510;https://sortiment.lidl.ch/de/fairtrade-bio-bananen-0081510;Obst;2024-11-01 09:03:50.881119;no;;yes;9;yes;Obst;yes;2024-11-01;3;1kg;1000g;0.27;g;;;;;;no;2024-10-31;no;lidl
Fairtrade Bio Bananen;22.0;pro 1kg |;;;2.69;;variabel;Fairglobe;81510;https://sortiment.lidl.ch/de/fairtrade-bio-bananen-0081510;Obst;2024-11-03 17:40:10.068931;no;;yes;9;yes;Obst;yes;2024-11-03;3;1kg;1000g;0.27;g;;;;;;no;2024-11-01;no;lidl
Fairtrade Bio Bananen;22.0;pro 1kg |;;;2.69;;variabel;Fairglobe;81510;https://sortiment.lidl.ch/de/fairtrade-bio-bananen-0081510;Obst;2024-11-04 17:18:40.294488;no;;yes;9;yes;Obst;yes;2024-11-04;3;1kg;1000g;0.27;g;;;;;;no;2024-11-03;no;lidl
Bio Clementinen 500g;4.0;pro 500g | 1Kg = 2.90 CHF;;;1.45;;Spanien;BIO Organic;81520;https://sortiment.lidl.ch/de/bio-clementinen-500g-0081520;Obst;2024-10-28 18:00:51.015288;no;;no;5;no;Obst;yes;2024-10-28;3;500g;500g;0.29;g;;;;;;no;;yes;lidl
Bio Clementinen 500g;4.0;pro 500g | 1Kg = 2.90 CHF;;;1.45;;Spanien;BIO Organic;81520;https://sortiment.lidl.ch/de/bio-clementinen-500g-0081520;Obst;2024-10-29 19:54:18.207193;no;;no;5;no;Obst;yes;2024-10-29;3;500g;500g;0.29;g;;;;;;no;2024-10-28;no;lidl
Bio Clementinen 500g;4.0;pro 500g | 1Kg = 2.90 CHF;;;1.45;;Spanien;BIO Organic;81520;https://sortiment.lidl.ch/de/bio-clementinen-500g-0081520;Obst;2024-10-30 20:51:01.157397;no;;no;5;no;Obst;yes;2024-10-30;3;500g;500g;0.29;g;;;;;;no;2024-10-29;no;lidl
Bio Clementinen 500g;4.0;pro 500g | 1Kg = 2.90 CHF;;;1.45;;Spanien;BIO Organic;81520;https://sortiment.lidl.ch/de/bio-clementinen-500g-0081520;Obst;2024-10-31 10:28:23.800286;no;;no;5;no;Obst;yes;2024-10-31;3;500g;500g;0.29;g;;;;;;no;2024-10-30;no;lidl
Bio Clementinen 500g;4.0;pro 500g | 1Kg = 2.90 CHF;;;1.45;;Spanien;BIO Organic;81520;https://sortiment.lidl.ch/de/bio-clementinen-500g-0081520;Obst;2024-11-01 09:03:50.881119;no;;no;5;no;Obst;yes;2024-11-01;3;500g;500g;0.29;g;;;;;;no;2024-10-31;no;lidl
Bio Clementinen 500g;4.0;pro 500g | 1Kg = 2.90 CHF;;;1.45;;Spanien;BIO Organic;81520;https://sortiment.lidl.ch/de/bio-clementinen-500g-0081520;Obst;2024-11-03 17:40:10.068931;no;;no;5;no;Obst;yes;2024-11-03;3;500g;500g;0.29;g;;;;;;no;2024-11-01;no;lidl
Bio Clementinen 500g;4.0;pro 500g | 1Kg = 2.90 CHF;;;1.45;;Spanien;BIO Organic;81520;https://sortiment.lidl.ch/de/bio-clementinen-500g-0081520;Obst;2024-11-04 17:18:40.294488;no;;no;5;no;Obst;yes;2024-11-04;3;500g;500g;0.29;g;;;;;;no;2024-11-03;no;lidl
Bio Orangen 1kg;4.0;pro 1kg |;;;3.79;;variabel;BIO Organic;81532;https://sortiment.lidl.ch/de/bio-orangen-1kg-0081532;Obst;2024-10-27 23:06:55.411551;no;;yes;9;yes;Obst;yes;2024-10-27;3;1kg;1000g;0.38;g;;;;;;no;;;lidl
Bio Orangen 1kg;4.0;pro 1kg |;;;3.79;;variabel;BIO Organic;81532;https://sortiment.lidl.ch/de/bio-orangen-1kg-0081532;Obst;2024-10-28 18:00:51.015288;no;;yes;9;yes;Obst;yes;2024-10-28;3;1kg;1000g;0.38;g;;;;;;no;2024-10-27;no;lidl
Bio Orangen 1kg;4.0;pro 1kg |;;;3.79;;variabel;BIO Organic;81532;https://sortiment.lidl.ch/de/bio-orangen-1kg-0081532;Obst;2024-10-29 19:54:18.207193;no;;yes;9;yes;Obst;yes;2024-10-29;3;1kg;1000g;0.38;g;;;;;;no;2024-10-28;no;lidl
Bio Orangen 1kg;4.0;pro 1kg |;;;3.69;;variabel;BIO Organic;81532;https://sortiment.lidl.ch/de/bio-orangen-1kg-0081532;Obst;2024-10-30 20:51:01.157397;no;;yes;9;yes;Obst;yes;2024-10-30;3;1kg;1000g;0.37;g;;;;;;no;2024-10-29;no;lidl
Bio Orangen 1kg;4.0;pro 1kg |;;;3.69;;variabel;BIO Organic;81532;https://sortiment.lidl.ch/de/bio-orangen-1kg-0081532;Obst;2024-10-31 10:28:23.800286;no;;yes;9;yes;Obst;yes;2024-10-31;3;1kg;1000g;0.37;g;;;;;;no;2024-10-30;no;lidl
Bio Orangen 1kg;4.0;pro 1kg |;;;3.69;;variabel;BIO Organic;81532;https://sortiment.lidl.ch/de/bio-orangen-1kg-0081532;Obst;2024-11-01 09:03:50.881119;no;;yes;9;yes;Obst;yes;2024-11-01;3;1kg;1000g;0.37;g;;;;;;no;2024-10-31;no;lidl
Bio Orangen 1kg;4.0;pro 1kg |;;;3.69;;variabel;BIO Organic;81532;https://sortiment.lidl.ch/de/bio-orangen-1kg-0081532;Obst;2024-11-03 17:40:10.068931;no;;yes;9;yes;Obst;yes;2024-11-03;3;1kg;1000g;0.37;g;;;;;;no;2024-11-01;no;lidl
Bio Orangen 1kg;4.0;pro 1kg |;;;3.69;;variabel;BIO Organic;81532;https://sortiment.lidl.ch/de/bio-orangen-1kg-0081532;Obst;2024-11-04 17:18:40.294488;no;;yes;9;yes;Obst;yes;2024-11-04;3;1kg;1000g;0.37;g;;;;;;no;2024-11-03;no;lidl
Bio Zitronen;42.0;pro Stück |;;;0.49;;Spanien;BIO Organic;81536;https://sortiment.lidl.ch/de/bio-zitronen-0081536;Obst;2024-10-27 23:06:55.411551;no;;no;9;yes;Obst;yes;2024-10-27;2;Stück;1 Stück;0.49;Stück;;;;;;no;;;lidl
Bio Zitronen;42.0;pro Stück |;;;0.49;;Spanien;BIO Organic;81536;https://sortiment.lidl.ch/de/bio-zitronen-0081536;Obst;2024-10-28 18:00:51.015288;no;;no;9;yes;Obst;yes;2024-10-28;2;Stück;1 Stück;0.49;Stück;;;;;;no;2024-10-27;no;lidl
Bio Zitronen;42.0;pro Stück |;;;0.49;;Spanien;BIO Organic;81536;https://sortiment.lidl.ch/de/bio-zitronen-0081536;Obst;2024-10-29 19:54:18.207193;no;;no;9;yes;Obst;yes;2024-10-29;2;Stück;1 Stück;0.49;Stück;;;;;;no;2024-10-28;no;lidl
Bio Zitronen;42.0;pro Stück |;;;0.49;;Spanien;BIO Organic;81536;https://sortiment.lidl.ch/de/bio-zitronen-0081536;Obst;2024-10-30 20:51:01.157397;no;;no;9;yes;Obst;yes;2024-10-30;2;Stück;1 Stück;0.49;Stück;;;;;;no;2024-10-29;no;lidl
Bio Zitronen;42.0;pro Stück |;;;0.49;;Spanien;BIO Organic;81536;https://sortiment.lidl.ch/de/bio-zitronen-0081536;Obst;2024-10-31 10:28:23.800286;no;;no;9;yes;Obst;yes;2024-10-31;2;Stück;1 Stück;0.49;Stück;;;;;;no;2024-10-30;no;lidl
Bio Zitronen;42.0;pro Stück |;;;0.49;;Spanien;BIO Organic;81536;https://sortiment.lidl.ch/de/bio-zitronen-0081536;Obst;2024-11-01 09:03:50.881119;no;;no;9;yes;Obst;yes;2024-11-01;2;Stück;1 Stück;0.49;Stück;;;;;;no;2024-10-31;no;lidl
Bio Zitronen;42.0;pro Stück |;;;0.49;;Spanien;BIO Organic;81536;https://sortiment.lidl.ch/de/bio-zitronen-0081536;Obst;2024-11-03 17:40:10.068931;no;;no;9;yes;Obst;yes;2024-11-03;2;Stück;1 Stück;0.49;Stück;;;;;;no;2024-11-01;no;lidl
Bio Zitronen;42.0;pro Stück |;;;0.49;;Spanien;BIO Organic;81536;https://sortiment.lidl.ch/de/bio-zitronen-0081536;Obst;2024-11-04 17:18:40.294488;no;;no;9;yes;Obst;yes;2024-11-04;2;Stück;1 Stück;0.49;Stück;;;;;;no;2024-11-03;no;lidl
Bio Äpfel rot 500g;1.0;pro 500g | 1Kg = 5.70 CHF;;;2.85;;Schweiz;BIO Organic;81560;https://sortiment.lidl.ch/de/bio-aepfel-rot-500g-0081560;Obst;2024-10-27 23:06:55.411551;yes;;yes;5;no;Obst;yes;2024-10-27;4;500g;500g;0.57;g;;;;;;no;;;lidl
Bio Äpfel rot 500g;1.0;pro 500g | 1Kg = 5.70 CHF;;;2.85;;Schweiz;BIO Organic;81560;https://sortiment.lidl.ch/de/bio-aepfel-rot-500g-0081560;Obst;2024-10-28 18:00:51.015288;yes;;yes;5;no;Obst;yes;2024-10-28;4;500g;500g;0.57;g;;;;;;no;2024-10-27;no;lidl
Bio Äpfel rot 500g;1.0;pro 500g | 1Kg = 5.70 CHF;;;2.85;;Schweiz;BIO Organic;81560;https://sortiment.lidl.ch/de/bio-aepfel-rot-500g-0081560;Obst;2024-10-29 19:54:18.207193;yes;;yes;5;no;Obst;yes;2024-10-29;4;500g;500g;0.57;g;;;;;;no;2024-10-28;no;lidl
Bio Äpfel rot 500g;1.0;pro 500g | 1Kg = 5.70 CHF;;;2.85;;Schweiz;BIO Organic;81560;https://sortiment.lidl.ch/de/bio-aepfel-rot-500g-0081560;Obst;2024-10-30 20:51:01.157397;yes;;yes;5;no;Obst;yes;2024-10-30;4;500g;500g;0.57;g;;;;;;no;2024-10-29;no;lidl
Bio Äpfel rot 500g;1.0;pro 500g | 1Kg = 5.70 CHF;;;2.85;;Schweiz;BIO Organic;81560;https://sortiment.lidl.ch/de/bio-aepfel-rot-500g-0081560;Obst;2024-10-31 10:28:23.800286;yes;;yes;5;no;Obst;yes;2024-10-31;4;500g;500g;0.57;g;;;;;;no;2024-10-30;no;lidl
Bio Äpfel rot 500g;1.0;pro 500g | 1Kg = 5.70 CHF;;;2.85;;Schweiz;BIO Organic;81560;https://sortiment.lidl.ch/de/bio-aepfel-rot-500g-0081560;Obst;2024-11-01 09:03:50.881119;yes;;yes;5;no;Obst;yes;2024-11-01;4;500g;500g;0.57;g;;;;;;no;2024-10-31;no;lidl
Bio Äpfel rot 500g;1.0;pro 500g | 1Kg = 5.70 CHF;;;2.85;;Schweiz;BIO Organic;81560;https://sortiment.lidl.ch/de/bio-aepfel-rot-500g-0081560;Obst;2024-11-03 17:40:10.068931;yes;;yes;5;no;Obst;yes;2024-11-03;4;500g;500g;0.57;g;;;;;;no;2024-11-01;no;lidl
Bio Äpfel rot 500g;1.0;pro 500g | 1Kg = 5.70 CHF;;;2.85;;Schweiz;BIO Organic;81560;https://sortiment.lidl.ch/de/bio-aepfel-rot-500g-0081560;Obst;2024-11-04 17:18:40.294488;yes;;yes;5;no;Obst;yes;2024-11-04;4;500g;500g;0.57;g;;;;;;no;2024-11-03;no;lidl
Bio Birnen 500g;0.0;pro 500g | 1Kg = 5.98 CHF;;;2.99;;Schweiz;BIO Organic;81580;https://sortiment.lidl.ch/de/bio-birnen-500g-0081580;Obst;2024-10-27 23:06:55.411551;yes;;yes;9;yes;Obst;yes;2024-10-27;3;500g;500g;0.6;g;;;;;;no;;;lidl
Bio Birnen 500g;0.0;pro 500g | 1Kg = 5.98 CHF;;;2.99;;Schweiz;BIO Organic;81580;https://sortiment.lidl.ch/de/bio-birnen-500g-0081580;Obst;2024-10-28 18:00:51.015288;yes;;yes;9;yes;Obst;yes;2024-10-28;3;500g;500g;0.6;g;;;;;;no;2024-10-27;no;lidl
Bio Birnen 500g;0.0;pro 500g | 1Kg = 5.98 CHF;;;2.99;;Schweiz;BIO Organic;81580;https://sortiment.lidl.ch/de/bio-birnen-500g-0081580;Obst;2024-10-29 19:54:18.207193;yes;;yes;9;yes;Obst;yes;2024-10-29;3;500g;500g;0.6;g;;;;;;no;2024-10-28;no;lidl
Bio Birnen 500g;0.0;pro 500g | 1Kg = 5.98 CHF;;;2.99;;Schweiz;BIO Organic;81580;https://sortiment.lidl.ch/de/bio-birnen-500g-0081580;Obst;2024-10-30 20:51:01.157397;yes;;yes;9;yes;Obst;yes;2024-10-30;3;500g;500g;0.6;g;;;;;;no;2024-10-29;no;lidl
Bio Birnen 500g;0.0;pro 500g | 1Kg = 5.98 CHF;;;2.99;;Schweiz;BIO Organic;81580;https://sortiment.lidl.ch/de/bio-birnen-500g-0081580;Obst;2024-10-31 10:28:23.800286;yes;;yes;9;yes;Obst;yes;2024-10-31;3;500g;500g;0.6;g;;;;;;no;2024-10-30;no;lidl
Bio Birnen 500g;0.0;pro 500g | 1Kg = 5.98 CHF;;;2.99;;Schweiz;BIO Organic;81580;https://sortiment.lidl.ch/de/bio-birnen-500g-0081580;Obst;2024-11-01 09:03:50.881119;yes;;yes;9;yes;Obst;yes;2024-11-01;3;500g;500g;0.6;g;;;;;;no;2024-10-31;no;lidl
Bio Birnen 500g;0.0;pro 500g | 1Kg = 5.98 CHF;;;2.99;;Schweiz;BIO Organic;81580;https://sortiment.lidl.ch/de/bio-birnen-500g-0081580;Obst;2024-11-03 17:40:10.068931;yes;;yes;9;yes;Obst;yes;2024-11-03;3;500g;500g;0.6;g;;;;;;no;2024-11-01;no;lidl
Bio Birnen 500g;0.0;pro 500g | 1Kg = 5.98 CHF;;;2.99;;Schweiz;BIO Organic;81580;https://sortiment.lidl.ch/de/bio-birnen-500g-0081580;Obst;2024-11-04 17:18:40.294488;yes;;yes;9;yes;Obst;yes;2024-11-04;3;500g;500g;0.6;g;;;;;;no;2024-11-03;no;lidl
BIO Trauben hell kernlos 500g;1.0;pro 500g | 1Kg = 5.58 CHF;;;2.79;;Italien;BIO Organic;81651;https://sortiment.lidl.ch/de/bio-trauben-hell-kernlos-500g-0081651;Obst;2024-10-27 23:06:55.411551;no;;yes;9;yes;Obst;yes;2024-10-27;5;500g;500g;0.56;g;;;;;;no;;;lidl
BIO Trauben hell kernlos 500g;1.0;pro 500g | 1Kg = 5.58 CHF;;;2.79;;Italien;BIO Organic;81651;https://sortiment.lidl.ch/de/bio-trauben-hell-kernlos-500g-0081651;Obst;2024-10-28 18:00:51.015288;no;;yes;9;yes;Obst;yes;2024-10-28;5;500g;500g;0.56;g;;;;;;no;2024-10-27;no;lidl
Bio Avocado;144.0;pro Stück |;;;1.29;;variabel;BIO Organic;81671;https://sortiment.lidl.ch/de/bio-avocado-0081671;Obst;2024-10-27 23:06:55.411551;no;;no;9;yes;Obst;yes;2024-10-27;2;Stück;1 Stück;1.29;Stück;;;;;;no;;;lidl
Bio Avocado;144.0;pro Stück |;;;1.29;;variabel;BIO Organic;81671;https://sortiment.lidl.ch/de/bio-avocado-0081671;Obst;2024-10-28 18:00:51.015288;no;;no;9;yes;Obst;yes;2024-10-28;2;Stück;1 Stück;1.29;Stück;;;;;;no;2024-10-27;no;lidl
Bio Avocado;144.0;pro Stück |;;;1.29;;variabel;BIO Organic;81671;https://sortiment.lidl.ch/de/bio-avocado-0081671;Obst;2024-10-29 19:54:18.207193;no;;no;9;yes;Obst;yes;2024-10-29;2;Stück;1 Stück;1.29;Stück;;;;;;no;2024-10-28;no;lidl
Bio Avocado;144.0;pro Stück |;;;1.29;;variabel;BIO Organic;81671;https://sortiment.lidl.ch/de/bio-avocado-0081671;Obst;2024-10-30 20:51:01.157397;no;;no;9;yes;Obst;yes;2024-10-30;2;Stück;1 Stück;1.29;Stück;;;;;;no;2024-10-29;no;lidl
Bio Avocado;144.0;pro Stück |;;;1.29;;variabel;BIO Organic;81671;https://sortiment.lidl.ch/de/bio-avocado-0081671;Obst;2024-10-31 10:28:23.800286;no;;no;9;yes;Obst;yes;2024-10-31;2;Stück;1 Stück;1.29;Stück;;;;;;no;2024-10-30;no;lidl
Bio Avocado;144.0;pro Stück |;;;1.29;;variabel;BIO Organic;81671;https://sortiment.lidl.ch/de/bio-avocado-0081671;Obst;2024-11-01 09:03:50.881119;no;;no;9;yes;Obst;yes;2024-11-01;2;Stück;1 Stück;1.29;Stück;;;;;;no;2024-10-31;no;lidl
Bio Avocado;144.0;pro Stück |;;;1.29;;variabel;BIO Organic;81671;https://sortiment.lidl.ch/de/bio-avocado-0081671;Obst;2024-11-03 17:40:10.068931;no;;no;9;yes;Obst;yes;2024-11-03;2;Stück;1 Stück;1.29;Stück;;;;;;no;2024-11-01;no;lidl
Bio Avocado;144.0;pro Stück |;;;1.29;;variabel;BIO Organic;81671;https://sortiment.lidl.ch/de/bio-avocado-0081671;Obst;2024-11-04 17:18:40.294488;no;;no;9;yes;Obst;yes;2024-11-04;2;Stück;1 Stück;1.29;Stück;;;;;;no;2024-11-03;no;lidl
Bio Heidelbeeren 125g;0.0;pro 125g | 100g = 2.00 CHF;;;2.49;;variabel;BIO Organic;81685;https://sortiment.lidl.ch/de/bio-heidelbeeren-125g-0081685;Obst;2024-10-27 23:06:55.411551;no;;yes;9;yes;Obst;yes;2024-10-27;3;125g;125g;1.99;g;;;;;;no;;;lidl
Bio Heidelbeeren 125g;0.0;pro 125g | 100g = 2.00 CHF;;;2.49;;variabel;BIO Organic;81685;https://sortiment.lidl.ch/de/bio-heidelbeeren-125g-0081685;Obst;2024-10-28 18:00:51.015288;no;;yes;9;yes;Obst;yes;2024-10-28;3;125g;125g;1.99;g;;;;;;no;2024-10-27;no;lidl
Bio Heidelbeeren 125g;0.0;pro 125g | 100g = 2.00 CHF;;;2.49;;variabel;BIO Organic;81685;https://sortiment.lidl.ch/de/bio-heidelbeeren-125g-0081685;Obst;2024-10-29 19:54:18.207193;no;;yes;9;yes;Obst;yes;2024-10-29;3;125g;125g;1.99;g;;;;;;no;2024-10-28;no;lidl
Bio Heidelbeeren 125g;0.0;pro 125g | 100g = 2.00 CHF;;;2.49;;variabel;BIO Organic;81685;https://sortiment.lidl.ch/de/bio-heidelbeeren-125g-0081685;Obst;2024-10-30 20:51:01.157397;no;;yes;9;yes;Obst;yes;2024-10-30;3;125g;125g;1.99;g;;;;;;no;2024-10-29;no;lidl
Bio Heidelbeeren 125g;0.0;pro 125g | 100g = 2.00 CHF;;;2.49;;variabel;BIO Organic;81685;https://sortiment.lidl.ch/de/bio-heidelbeeren-125g-0081685;Obst;2024-10-31 10:28:23.800286;no;;yes;9;yes;Obst;yes;2024-10-31;3;125g;125g;1.99;g;;;;;;no;2024-10-30;no;lidl
Bio Heidelbeeren 125g;0.0;pro 125g | 100g = 2.00 CHF;;;2.49;;variabel;BIO Organic;81685;https://sortiment.lidl.ch/de/bio-heidelbeeren-125g-0081685;Obst;2024-11-01 09:03:50.881119;no;;yes;9;yes;Obst;yes;2024-11-01;3;125g;125g;1.99;g;;;;;;no;2024-10-31;no;lidl
Bio Heidelbeeren 125g;0.0;pro 125g | 100g = 2.00 CHF;;;2.49;;variabel;BIO Organic;81685;https://sortiment.lidl.ch/de/bio-heidelbeeren-125g-0081685;Obst;2024-11-03 17:40:10.068931;no;;yes;9;yes;Obst;yes;2024-11-03;3;125g;125g;1.99;g;;;;;;no;2024-11-01;no;lidl
Bio Heidelbeeren 125g;0.0;pro 125g | 100g = 2.00 CHF;;;2.49;;variabel;BIO Organic;81685;https://sortiment.lidl.ch/de/bio-heidelbeeren-125g-0081685;Obst;2024-11-04 17:18:40.294488;no;;yes;9;yes;Obst;yes;2024-11-04;3;125g;125g;1.99;g;;;;;;no;2024-11-03;no;lidl
Bio Kiwi Gold 500g;5.0;pro 500g | 1Kg = 6.98 CHF;;;3.49;;Italien;BIO Organic;81722;https://sortiment.lidl.ch/de/bio-kiwi-gold-500g-0081722;Obst;2024-10-27 23:06:55.411551;no;;yes;9;yes;Obst;yes;2024-10-27;4;500g;500g;0.7;g;;;;;;no;;;lidl
Bio Kiwi Gold 500g;5.0;pro 500g | 1Kg = 6.98 CHF;;;3.49;;Italien;BIO Organic;81722;https://sortiment.lidl.ch/de/bio-kiwi-gold-500g-0081722;Obst;2024-10-28 18:00:51.015288;no;;yes;9;yes;Obst;yes;2024-10-28;4;500g;500g;0.7;g;;;;;;no;2024-10-27;no;lidl
Bio Kiwi Gold 500g;5.0;pro 500g | 1Kg = 6.98 CHF;;;3.49;;Italien;BIO Organic;81722;https://sortiment.lidl.ch/de/bio-kiwi-gold-500g-0081722;Obst;2024-10-29 19:54:18.207193;no;;yes;9;yes;Obst;yes;2024-10-29;4;500g;500g;0.7;g;;;;;;no;2024-10-28;no;lidl
Bio Kiwi Gold 500g;5.0;pro 500g | 1Kg = 6.98 CHF;;;3.49;;Italien;BIO Organic;81722;https://sortiment.lidl.ch/de/bio-kiwi-gold-500g-0081722;Obst;2024-10-30 20:51:01.157397;no;;yes;9;yes;Obst;yes;2024-10-30;4;500g;500g;0.7;g;;;;;;no;2024-10-29;no;lidl
Bio Kiwi Gold 500g;5.0;pro 500g | 1Kg = 6.98 CHF;;;3.49;;Italien;BIO Organic;81722;https://sortiment.lidl.ch/de/bio-kiwi-gold-500g-0081722;Obst;2024-10-31 10:28:23.800286;no;;yes;9;yes;Obst;yes;2024-10-31;4;500g;500g;0.7;g;;;;;;no;2024-10-30;no;lidl
Bio Kiwi Gold 500g;5.0;pro 500g | 1Kg = 6.98 CHF;;;3.49;;Italien;BIO Organic;81722;https://sortiment.lidl.ch/de/bio-kiwi-gold-500g-0081722;Obst;2024-11-01 09:03:50.881119;no;;yes;9;yes;Obst;yes;2024-11-01;4;500g;500g;0.7;g;;;;;;no;2024-10-31;no;lidl
Bio Kiwi Gold 500g;5.0;pro 500g | 1Kg = 6.98 CHF;;;3.49;;Italien;BIO Organic;81722;https://sortiment.lidl.ch/de/bio-kiwi-gold-500g-0081722;Obst;2024-11-03 17:40:10.068931;no;;yes;9;yes;Obst;yes;2024-11-03;4;500g;500g;0.7;g;;;;;;no;2024-11-01;no;lidl
Bio Kiwi Gold 500g;5.0;pro 500g | 1Kg = 6.98 CHF;;;3.49;;Italien;BIO Organic;81722;https://sortiment.lidl.ch/de/bio-kiwi-gold-500g-0081722;Obst;2024-11-04 17:18:40.294488;no;;yes;9;yes;Obst;yes;2024-11-04;4;500g;500g;0.7;g;;;;;;no;2024-11-03;no;lidl
BIO Mango;0.0;pro Stück |;;;2.49;;Spanien;BIO Organic;81850;https://sortiment.lidl.ch/de/bio-mango-0081850;Obst;2024-10-28 18:00:51.015288;no;;yes;9;yes;Obst;yes;2024-10-28;2;Stück;1 Stück;2.49;Stück;;;;;;no;;yes;lidl
BIO Mango;0.0;pro Stück |;;;2.49;;Spanien;BIO Organic;81850;https://sortiment.lidl.ch/de/bio-mango-0081850;Obst;2024-10-29 19:54:18.207193;no;;yes;9;yes;Obst;yes;2024-10-29;2;Stück;1 Stück;2.49;Stück;;;;;;no;2024-10-28;no;lidl
BIO Mango;0.0;pro Stück |;;;2.49;;Spanien;BIO Organic;81850;https://sortiment.lidl.ch/de/bio-mango-0081850;Obst;2024-10-30 20:51:01.157397;no;;yes;9;yes;Obst;yes;2024-10-30;2;Stück;1 Stück;2.49;Stück;;;;;;no;2024-10-29;no;lidl
BIO Mango;0.0;pro Stück |;;;2.49;;Spanien;BIO Organic;81850;https://sortiment.lidl.ch/de/bio-mango-0081850;Obst;2024-10-31 10:28:23.800286;no;;yes;9;yes;Obst;yes;2024-10-31;2;Stück;1 Stück;2.49;Stück;;;;;;no;2024-10-30;no;lidl
BIO Mango;0.0;pro Stück |;;;2.49;;Spanien;BIO Organic;81850;https://sortiment.lidl.ch/de/bio-mango-0081850;Obst;2024-11-01 09:03:50.881119;no;;yes;9;yes;Obst;yes;2024-11-01;2;Stück;1 Stück;2.49;Stück;;;;;;no;2024-10-31;no;lidl
BIO Mango;0.0;pro Stück |;;;2.49;;Spanien;BIO Organic;81850;https://sortiment.lidl.ch/de/bio-mango-0081850;Obst;2024-11-03 17:40:10.068931;no;;yes;9;yes;Obst;yes;2024-11-03;2;Stück;1 Stück;2.49;Stück;;;;;;no;2024-11-01;no;lidl
BIO Mango;0.0;pro Stück |;;;2.49;;Spanien;BIO Organic;81850;https://sortiment.lidl.ch/de/bio-mango-0081850;Obst;2024-11-04 17:18:40.294488;no;;yes;9;yes;Obst;yes;2024-11-04;2;Stück;1 Stück;2.49;Stück;;;;;;no;2024-11-03;no;lidl
Chicorée 500g;7.0;pro 500g | 1Kg = 3.98 CHF;;;1.99;;variabel;;82015;https://sortiment.lidl.ch/de/chicoree-500g-0082015;Gemüse;2024-10-27 23:06:55.411551;no;;no;9;yes;Gemüse;no;2024-10-27;2;500g;500g;0.4;g;;;;;;no;;;lidl
Chicorée 500g;7.0;pro 500g | 1Kg = 3.98 CHF;;;1.99;;variabel;;82015;https://sortiment.lidl.ch/de/chicoree-500g-0082015;Gemüse;2024-10-28 18:00:51.015288;no;;no;9;yes;Gemüse;no;2024-10-28;2;500g;500g;0.4;g;;;;;;no;2024-10-27;no;lidl
Chicorée 500g;7.0;pro 500g | 1Kg = 3.98 CHF;;;1.99;;variabel;;82015;https://sortiment.lidl.ch/de/chicoree-500g-0082015;Gemüse;2024-10-29 19:54:18.207193;no;;no;9;yes;Gemüse;no;2024-10-29;2;500g;500g;0.4;g;;;;;;no;2024-10-28;no;lidl
Chicorée 500g;7.0;pro 500g | 1Kg = 3.98 CHF;;;1.99;;variabel;;82015;https://sortiment.lidl.ch/de/chicoree-500g-0082015;Gemüse;2024-10-30 20:51:01.157397;no;;no;9;yes;Gemüse;no;2024-10-30;2;500g;500g;0.4;g;;;;;;no;2024-10-29;no;lidl
Chicorée 500g;7.0;pro 500g | 1Kg = 3.98 CHF;;;1.99;;variabel;;82015;https://sortiment.lidl.ch/de/chicoree-500g-0082015;Gemüse;2024-10-31 10:28:23.800286;no;;no;9;yes;Gemüse;no;2024-10-31;2;500g;500g;0.4;g;;;;;;no;2024-10-30;no;lidl
Chicorée 500g;7.0;pro 500g | 1Kg = 3.98 CHF;;;1.99;;variabel;;82015;https://sortiment.lidl.ch/de/chicoree-500g-0082015;Gemüse;2024-11-01 09:03:50.881119;no;;no;9;yes;Gemüse;no;2024-11-01;2;500g;500g;0.4;g;;;;;;no;2024-10-31;no;lidl
Chicorée 500g;7.0;pro 500g | 1Kg = 3.98 CHF;;;1.99;;variabel;;82015;https://sortiment.lidl.ch/de/chicoree-500g-0082015;Gemüse;2024-11-03 17:40:10.068931;no;;no;9;yes;Gemüse;no;2024-11-03;2;500g;500g;0.4;g;;;;;;no;2024-11-01;no;lidl
Chicorée 500g;7.0;pro 500g | 1Kg = 3.98 CHF;;;1.99;;variabel;;82015;https://sortiment.lidl.ch/de/chicoree-500g-0082015;Gemüse;2024-11-04 17:18:40.294488;no;;no;9;yes;Gemüse;no;2024-11-04;2;500g;500g;0.4;g;;;;;;no;2024-11-03;no;lidl
Eisbergsalat;11.0;pro Stück |;;;1.59;;Schweiz;;82031;https://sortiment.lidl.ch/de/eisbergsalat-0082031;Gemüse;2024-10-27 23:06:55.411551;yes;;no;9;yes;Gemüse;no;2024-10-27;1;Stück;1 Stück;1.59;Stück;;;;;;no;;;lidl
Eisbergsalat;11.0;pro Stück |;;;1.59;;Schweiz;;82031;https://sortiment.lidl.ch/de/eisbergsalat-0082031;Gemüse;2024-10-28 18:00:51.015288;yes;;no;9;yes;Gemüse;no;2024-10-28;1;Stück;1 Stück;1.59;Stück;;;;;;no;2024-10-27;no;lidl
Eisbergsalat;11.0;pro Stück |;;;1.59;;Schweiz;;82031;https://sortiment.lidl.ch/de/eisbergsalat-0082031;Gemüse;2024-10-29 19:54:18.207193;yes;;no;9;yes;Gemüse;no;2024-10-29;1;Stück;1 Stück;1.59;Stück;;;;;;no;2024-10-28;no;lidl
Eisbergsalat;11.0;pro Stück |;;;1.59;;Schweiz;;82031;https://sortiment.lidl.ch/de/eisbergsalat-0082031;Gemüse;2024-10-30 20:51:01.157397;yes;;no;9;yes;Gemüse;no;2024-10-30;1;Stück;1 Stück;1.59;Stück;;;;;;no;2024-10-29;no;lidl
Eisbergsalat;11.0;pro Stück |;;;1.39;;variabel;;82031;https://sortiment.lidl.ch/de/eisbergsalat-0082031;Gemüse;2024-10-31 10:28:23.800286;no;;no;9;yes;Gemüse;no;2024-10-31;1;Stück;1 Stück;1.39;Stück;;;;;;no;2024-10-30;no;lidl
Eisbergsalat;11.0;pro Stück |;;;1.39;;variabel;;82031;https://sortiment.lidl.ch/de/eisbergsalat-0082031;Gemüse;2024-11-01 09:03:50.881119;no;;no;9;yes;Gemüse;no;2024-11-01;1;Stück;1 Stück;1.39;Stück;;;;;;no;2024-10-31;no;lidl
Eisbergsalat;11.0;pro Stück |;;;1.39;;variabel;;82031;https://sortiment.lidl.ch/de/eisbergsalat-0082031;Gemüse;2024-11-03 17:40:10.068931;no;;no;9;yes;Gemüse;no;2024-11-03;1;Stück;1 Stück;1.39;Stück;;;;;;no;2024-11-01;no;lidl
Eisbergsalat;11.0;pro Stück |;;;1.39;;variabel;;82031;https://sortiment.lidl.ch/de/eisbergsalat-0082031;Gemüse;2024-11-04 17:18:40.294488;no;;no;9;yes;Gemüse;no;2024-11-04;1;Stück;1 Stück;1.39;Stück;;;;;;no;2024-11-03;no;lidl
Nüsslisalat 125g;2.0;pro 125g | 100g = 2.20 CHF;;;2.75;;Schweiz;;82051;https://sortiment.lidl.ch/de/nuesslisalat-125g-0082051;Gemüse;2024-10-27 23:06:55.411551;yes;;yes;5;no;Gemüse;no;2024-10-27;2;125g;125g;2.2;g;;;;;;no;;;lidl
Nüsslisalat 125g;2.0;pro 125g | 100g = 2.20 CHF;;;2.75;;Schweiz;;82051;https://sortiment.lidl.ch/de/nuesslisalat-125g-0082051;Gemüse;2024-10-28 18:00:51.015288;yes;;yes;5;no;Gemüse;no;2024-10-28;2;125g;125g;2.2;g;;;;;;no;2024-10-27;no;lidl
Nüsslisalat 125g;2.0;pro 125g | 100g = 2.20 CHF;;;2.75;;Schweiz;;82051;https://sortiment.lidl.ch/de/nuesslisalat-125g-0082051;Gemüse;2024-10-29 19:54:18.207193;yes;;yes;5;no;Gemüse;no;2024-10-29;2;125g;125g;2.2;g;;;;;;no;2024-10-28;no;lidl
Nüsslisalat 125g;2.0;pro 125g | 100g = 2.20 CHF;;;2.75;;Schweiz;;82051;https://sortiment.lidl.ch/de/nuesslisalat-125g-0082051;Gemüse;2024-10-30 20:51:01.157397;yes;;yes;5;no;Gemüse;no;2024-10-30;2;125g;125g;2.2;g;;;;;;no;2024-10-29;no;lidl
Nüsslisalat 125g;2.0;pro 125g | 100g = 2.20 CHF;;;2.75;;Schweiz;;82051;https://sortiment.lidl.ch/de/nuesslisalat-125g-0082051;Gemüse;2024-10-31 10:28:23.800286;yes;;yes;5;no;Gemüse;no;2024-10-31;2;125g;125g;2.2;g;;;;;;no;2024-10-30;no;lidl
Nüsslisalat 125g;2.0;pro 125g | 100g = 2.20 CHF;;;2.75;;Schweiz;;82051;https://sortiment.lidl.ch/de/nuesslisalat-125g-0082051;Gemüse;2024-11-01 09:03:50.881119;yes;;yes;5;no;Gemüse;no;2024-11-01;2;125g;125g;2.2;g;;;;;;no;2024-10-31;no;lidl
Nüsslisalat 125g;2.0;pro 125g | 100g = 2.20 CHF;;;2.75;;Schweiz;;82051;https://sortiment.lidl.ch/de/nuesslisalat-125g-0082051;Gemüse;2024-11-03 17:40:10.068931;yes;;yes;5;no;Gemüse;no;2024-11-03;2;125g;125g;2.2;g;;;;;;no;2024-11-01;no;lidl
Nüsslisalat 125g;2.0;pro 125g | 100g = 2.20 CHF;;;2.75;;Schweiz;;82051;https://sortiment.lidl.ch/de/nuesslisalat-125g-0082051;Gemüse;2024-11-04 17:18:40.294488;yes;;yes;5;no;Gemüse;no;2024-11-04;2;125g;125g;2.2;g;;;;;;no;2024-11-03;no;lidl
Kopfsalatherzen 2 Stück;0.0;pro 2 Stück |;;;2.99;;Schweiz;;82069;https://sortiment.lidl.ch/de/kopfsalatherzen-2-stueck-0082069;Gemüse;2024-10-27 23:06:55.411551;yes;;yes;9;yes;Gemüse;no;2024-10-27;3;2;2 Stücke;1.5;Stück;;;;;;no;;;lidl
Kopfsalatherzen 2 Stück;0.0;pro 2 Stück |;;;2.99;;Schweiz;;82069;https://sortiment.lidl.ch/de/kopfsalatherzen-2-stueck-0082069;Gemüse;2024-10-28 18:00:51.015288;yes;;yes;9;yes;Gemüse;no;2024-10-28;3;2;2 Stücke;1.5;Stück;;;;;;no;2024-10-27;no;lidl
Kopfsalatherzen 2 Stück;0.0;pro 2 Stück |;;;2.99;;Schweiz;;82069;https://sortiment.lidl.ch/de/kopfsalatherzen-2-stueck-0082069;Gemüse;2024-10-29 19:54:18.207193;yes;;yes;9;yes;Gemüse;no;2024-10-29;3;2;2 Stücke;1.5;Stück;;;;;;no;2024-10-28;no;lidl
Kopfsalatherzen 2 Stück;0.0;pro 2 Stück |;;;2.99;;Schweiz;;82069;https://sortiment.lidl.ch/de/kopfsalatherzen-2-stueck-0082069;Gemüse;2024-10-30 20:51:01.157397;yes;;yes;9;yes;Gemüse;no;2024-10-30;3;2;2 Stücke;1.5;Stück;;;;;;no;2024-10-29;no;lidl
Kopfsalatherzen 2 Stück;0.0;pro 2 Stück |;;;2.99;;Schweiz;;82069;https://sortiment.lidl.ch/de/kopfsalatherzen-2-stueck-0082069;Gemüse;2024-10-31 10:28:23.800286;yes;;yes;9;yes;Gemüse;no;2024-10-31;3;2;2 Stücke;1.5;Stück;;;;;;no;2024-10-30;no;lidl
Kopfsalatherzen 2 Stück;0.0;pro 2 Stück |;;;2.99;;Schweiz;;82069;https://sortiment.lidl.ch/de/kopfsalatherzen-2-stueck-0082069;Gemüse;2024-11-01 09:03:50.881119;yes;;yes;9;yes;Gemüse;no;2024-11-01;3;2;2 Stücke;1.5;Stück;;;;;;no;2024-10-31;no;lidl
Kopfsalatherzen 2 Stück;0.0;pro 2 Stück |;;;2.99;;Schweiz;;82069;https://sortiment.lidl.ch/de/kopfsalatherzen-2-stueck-0082069;Gemüse;2024-11-03 17:40:10.068931;yes;;yes;9;yes;Gemüse;no;2024-11-03;3;2;2 Stücke;1.5;Stück;;;;;;no;2024-11-01;no;lidl
Kopfsalatherzen 2 Stück;0.0;pro 2 Stück |;;;2.99;;Schweiz;;82069;https://sortiment.lidl.ch/de/kopfsalatherzen-2-stueck-0082069;Gemüse;2024-11-04 17:18:40.294488;yes;;yes;9;yes;Gemüse;no;2024-11-04;3;2;2 Stücke;1.5;Stück;;;;;;no;2024-11-03;no;lidl
Kopfsalat;7.0;pro Stück |;;;1.49;;Schweiz;;82071;https://sortiment.lidl.ch/de/kopfsalat-0082071;Gemüse;2024-10-27 23:06:55.411551;yes;;no;9;yes;Gemüse;no;2024-10-27;1;Stück;1 Stück;1.49;Stück;;;;;;no;;;lidl
Kopfsalat;7.0;pro Stück |;;;1.49;;Schweiz;;82071;https://sortiment.lidl.ch/de/kopfsalat-0082071;Gemüse;2024-10-28 18:00:51.015288;yes;;no;9;yes;Gemüse;no;2024-10-28;1;Stück;1 Stück;1.49;Stück;;;;;;no;2024-10-27;no;lidl
Kopfsalat;7.0;pro Stück |;;;1.49;;Schweiz;;82071;https://sortiment.lidl.ch/de/kopfsalat-0082071;Gemüse;2024-10-29 19:54:18.207193;yes;;no;9;yes;Gemüse;no;2024-10-29;1;Stück;1 Stück;1.49;Stück;;;;;;no;2024-10-28;no;lidl
Kopfsalat;7.0;pro Stück |;;;1.49;;Schweiz;;82071;https://sortiment.lidl.ch/de/kopfsalat-0082071;Gemüse;2024-10-30 20:51:01.157397;yes;;no;9;yes;Gemüse;no;2024-10-30;1;Stück;1 Stück;1.49;Stück;;;;;;no;2024-10-29;no;lidl
Kopfsalat;7.0;pro Stück |;;;1.49;;Schweiz;;82071;https://sortiment.lidl.ch/de/kopfsalat-0082071;Gemüse;2024-10-31 10:28:23.800286;yes;;no;9;yes;Gemüse;no;2024-10-31;1;Stück;1 Stück;1.49;Stück;;;;;;no;2024-10-30;no;lidl
Kopfsalat;7.0;pro Stück |;;;1.49;;Schweiz;;82071;https://sortiment.lidl.ch/de/kopfsalat-0082071;Gemüse;2024-11-01 09:03:50.881119;yes;;no;9;yes;Gemüse;no;2024-11-01;1;Stück;1 Stück;1.49;Stück;;;;;;no;2024-10-31;no;lidl
Kopfsalat;7.0;pro Stück |;;;1.49;;Schweiz;;82071;https://sortiment.lidl.ch/de/kopfsalat-0082071;Gemüse;2024-11-03 17:40:10.068931;yes;;no;9;yes;Gemüse;no;2024-11-03;1;Stück;1 Stück;1.49;Stück;;;;;;no;2024-11-01;no;lidl
Kopfsalat;7.0;pro Stück |;;;1.49;;Schweiz;;82071;https://sortiment.lidl.ch/de/kopfsalat-0082071;Gemüse;2024-11-04 17:18:40.294488;yes;;no;9;yes;Gemüse;no;2024-11-04;1;Stück;1 Stück;1.49;Stück;;;;;;no;2024-11-03;no;lidl
Kopfsalat rot;2.0;pro Stück |;;;1.59;;Schweiz;;82072;https://sortiment.lidl.ch/de/kopfsalat-rot-0082072;Gemüse;2024-10-27 23:06:55.411551;yes;;no;9;yes;Gemüse;no;2024-10-27;2;Stück;1 Stück;1.59;Stück;;;;;;no;;;lidl
Kopfsalat rot;2.0;pro Stück |;;;1.59;;Schweiz;;82072;https://sortiment.lidl.ch/de/kopfsalat-rot-0082072;Gemüse;2024-10-28 18:00:51.015288;yes;;no;9;yes;Gemüse;no;2024-10-28;2;Stück;1 Stück;1.59;Stück;;;;;;no;2024-10-27;no;lidl
Rucola 125g;0.0;pro 125g | 100g = 0.68 CHF;;;0.85;;Italien;;82135;https://sortiment.lidl.ch/de/rucola-125g-0082135;Gemüse;2024-10-27 23:06:55.411551;no;;no;5;no;Gemüse;no;2024-10-27;2;125g;125g;0.68;g;;;;;;no;;;lidl
Rucola 125g;0.0;pro 125g | 100g = 0.68 CHF;;;0.85;;Italien;;82135;https://sortiment.lidl.ch/de/rucola-125g-0082135;Gemüse;2024-10-28 18:00:51.015288;no;;no;5;no;Gemüse;no;2024-10-28;2;125g;125g;0.68;g;;;;;;no;2024-10-27;no;lidl
Rucola 125g;0.0;pro 125g | 100g = 0.68 CHF;;;0.85;;Italien;;82135;https://sortiment.lidl.ch/de/rucola-125g-0082135;Gemüse;2024-10-29 19:54:18.207193;no;;no;5;no;Gemüse;no;2024-10-29;2;125g;125g;0.68;g;;;;;;no;2024-10-28;no;lidl
Rucola 125g;0.0;pro 125g | 100g = 0.68 CHF;;;0.85;;Italien;;82135;https://sortiment.lidl.ch/de/rucola-125g-0082135;Gemüse;2024-10-30 20:51:01.157397;no;;no;5;no;Gemüse;no;2024-10-30;2;125g;125g;0.68;g;;;;;;no;2024-10-29;no;lidl
Rucola 125g;0.0;pro 125g | 100g = 0.68 CHF;;;0.85;;Italien;;82135;https://sortiment.lidl.ch/de/rucola-125g-0082135;Gemüse;2024-10-31 10:28:23.800286;no;;no;5;no;Gemüse;no;2024-10-31;2;125g;125g;0.68;g;;;;;;no;2024-10-30;no;lidl
Rucola 125g;0.0;pro 125g | 100g = 0.68 CHF;;;0.85;;Italien;;82135;https://sortiment.lidl.ch/de/rucola-125g-0082135;Gemüse;2024-11-01 09:03:50.881119;no;;no;5;no;Gemüse;no;2024-11-01;2;125g;125g;0.68;g;;;;;;no;2024-10-31;no;lidl
Rucola 125g;0.0;pro 125g | 100g = 0.68 CHF;;;0.85;;Italien;;82135;https://sortiment.lidl.ch/de/rucola-125g-0082135;Gemüse;2024-11-03 17:40:10.068931;no;;no;5;no;Gemüse;no;2024-11-03;2;125g;125g;0.68;g;;;;;;no;2024-11-01;no;lidl
Rucola 125g;0.0;pro 125g | 100g = 0.68 CHF;;;0.85;;Italien;;82135;https://sortiment.lidl.ch/de/rucola-125g-0082135;Gemüse;2024-11-04 17:18:40.294488;no;;no;5;no;Gemüse;no;2024-11-04;2;125g;125g;0.68;g;;;;;;no;2024-11-03;no;lidl
Auberginen;7.0;pro 1kg |;;;1.99;;variabel;;82180;https://sortiment.lidl.ch/de/auberginen-0082180;Gemüse;2024-10-27 23:06:55.411551;no;;no;9;yes;Gemüse;no;2024-10-27;1;1kg;1000g;0.2;g;;;;;;no;;;lidl
Auberginen;7.0;pro 1kg |;;;1.99;;variabel;;82180;https://sortiment.lidl.ch/de/auberginen-0082180;Gemüse;2024-10-28 18:00:51.015288;no;;no;9;yes;Gemüse;no;2024-10-28;1;1kg;1000g;0.2;g;;;;;;no;2024-10-27;no;lidl
Auberginen;7.0;pro 1kg |;;;1.99;;variabel;;82180;https://sortiment.lidl.ch/de/auberginen-0082180;Gemüse;2024-10-29 19:54:18.207193;no;;no;9;yes;Gemüse;no;2024-10-29;1;1kg;1000g;0.2;g;;;;;;no;2024-10-28;no;lidl
Auberginen;7.0;pro 1kg |;;;1.99;;variabel;;82180;https://sortiment.lidl.ch/de/auberginen-0082180;Gemüse;2024-10-30 20:51:01.157397;no;;no;9;yes;Gemüse;no;2024-10-30;1;1kg;1000g;0.2;g;;;;;;no;2024-10-29;no;lidl
Auberginen;7.0;pro 1kg |;1.99;-50 Rp.;1.49;31.10. - 6.11.;variabel;;82180;https://sortiment.lidl.ch/de/auberginen-0082180;Gemüse;2024-10-31 10:28:23.800286;no;0.25;no;9;yes;Gemüse;no;2024-10-31;1;1kg;1000g;0.15;g;2024-10-31;2024-11-06;Thursday;Wednesday;6 days;yes;2024-10-30;no;lidl
Auberginen;7.0;pro 1kg |;1.99;-50 Rp.;1.49;31.10. - 6.11.;variabel;;82180;https://sortiment.lidl.ch/de/auberginen-0082180;Gemüse;2024-11-01 09:03:50.881119;no;0.25;no;9;yes;Gemüse;no;2024-11-01;1;1kg;1000g;0.15;g;2024-10-31;2024-11-06;Thursday;Wednesday;6 days;yes;2024-10-31;no;lidl
Auberginen;7.0;pro 1kg |;1.99;-50 Rp.;1.49;31.10. - 6.11.;variabel;;82180;https://sortiment.lidl.ch/de/auberginen-0082180;Gemüse;2024-11-03 17:40:10.068931;no;0.25;no;9;yes;Gemüse;no;2024-11-03;1;1kg;1000g;0.15;g;2024-10-31;2024-11-06;Thursday;Wednesday;6 days;yes;2024-11-01;no;lidl
Auberginen;7.0;pro 1kg |;1.99;-50 Rp.;1.49;31.10. - 6.11.;variabel;;82180;https://sortiment.lidl.ch/de/auberginen-0082180;Gemüse;2024-11-04 17:18:40.294488;no;0.25;no;9;yes;Gemüse;no;2024-11-04;1;1kg;1000g;0.15;g;2024-10-31;2024-11-06;Thursday;Wednesday;6 days;yes;2024-11-03;no;lidl
Buschbohnen 500g;0.0;pro 500g | 1Kg = 7.18 CHF;;;3.59;;Schweiz;;82212;https://sortiment.lidl.ch/de/buschbohnen-500g-0082212;Gemüse;2024-10-27 23:06:55.411551;yes;;yes;9;yes;Gemüse;no;2024-10-27;2;500g;500g;0.72;g;;;;;;no;;;lidl
Buschbohnen 500g;0.0;pro 500g | 1Kg = 7.18 CHF;;;3.59;;Schweiz;;82212;https://sortiment.lidl.ch/de/buschbohnen-500g-0082212;Gemüse;2024-10-28 18:00:51.015288;yes;;yes;9;yes;Gemüse;no;2024-10-28;2;500g;500g;0.72;g;;;;;;no;2024-10-27;no;lidl
Gurke;11.0;pro Stück |;;;0.89;;variabel;;82231;https://sortiment.lidl.ch/de/gurke-0082231;Gemüse;2024-10-27 23:06:55.411551;no;;no;9;yes;Gemüse;no;2024-10-27;1;Stück;1 Stück;0.89;Stück;;;;;;no;;;lidl
Gurke;11.0;pro Stück |;;;0.89;;variabel;;82231;https://sortiment.lidl.ch/de/gurke-0082231;Gemüse;2024-10-28 18:00:51.015288;no;;no;9;yes;Gemüse;no;2024-10-28;1;Stück;1 Stück;0.89;Stück;;;;;;no;2024-10-27;no;lidl
Gurke;11.0;pro Stück |;;;0.89;;variabel;;82231;https://sortiment.lidl.ch/de/gurke-0082231;Gemüse;2024-10-29 19:54:18.207193;no;;no;9;yes;Gemüse;no;2024-10-29;1;Stück;1 Stück;0.89;Stück;;;;;;no;2024-10-28;no;lidl
Gurke;11.0;pro Stück |;;;0.89;;variabel;;82231;https://sortiment.lidl.ch/de/gurke-0082231;Gemüse;2024-10-30 20:51:01.157397;no;;no;9;yes;Gemüse;no;2024-10-30;1;Stück;1 Stück;0.89;Stück;;;;;;no;2024-10-29;no;lidl
Gurke;11.0;pro Stück |;;;0.89;;variabel;;82231;https://sortiment.lidl.ch/de/gurke-0082231;Gemüse;2024-10-31 10:28:23.800286;no;;no;9;yes;Gemüse;no;2024-10-31;1;Stück;1 Stück;0.89;Stück;;;;;;no;2024-10-30;no;lidl
Gurke;11.0;pro Stück |;;;0.89;;variabel;;82231;https://sortiment.lidl.ch/de/gurke-0082231;Gemüse;2024-11-01 09:03:50.881119;no;;no;9;yes;Gemüse;no;2024-11-01;1;Stück;1 Stück;0.89;Stück;;;;;;no;2024-10-31;no;lidl
Gurke;11.0;pro Stück |;;;0.89;;variabel;;82231;https://sortiment.lidl.ch/de/gurke-0082231;Gemüse;2024-11-03 17:40:10.068931;no;;no;9;yes;Gemüse;no;2024-11-03;1;Stück;1 Stück;0.89;Stück;;;;;;no;2024-11-01;no;lidl
Gurke;11.0;pro Stück |;;;0.89;;variabel;;82231;https://sortiment.lidl.ch/de/gurke-0082231;Gemüse;2024-11-04 17:18:40.294488;no;;no;9;yes;Gemüse;no;2024-11-04;1;Stück;1 Stück;0.89;Stück;;;;;;no;2024-11-03;no;lidl
Lauchzwiebeln;10.0;pro Stück |;;;1.59;;Schweiz;;82236;https://sortiment.lidl.ch/de/lauchzwiebeln-0082236;Gemüse;2024-10-27 23:06:55.411551;yes;;no;9;yes;Gemüse;no;2024-10-27;1;Stück;1 Stück;1.59;Stück;;;;;;no;;;lidl
Lauchzwiebeln;10.0;pro Stück |;;;1.59;;Schweiz;;82236;https://sortiment.lidl.ch/de/lauchzwiebeln-0082236;Gemüse;2024-10-28 18:00:51.015288;yes;;no;9;yes;Gemüse;no;2024-10-28;1;Stück;1 Stück;1.59;Stück;;;;;;no;2024-10-27;no;lidl
Lauchzwiebeln;10.0;pro Stück |;;;1.59;;Schweiz;;82236;https://sortiment.lidl.ch/de/lauchzwiebeln-0082236;Gemüse;2024-10-29 19:54:18.207193;yes;;no;9;yes;Gemüse;no;2024-10-29;1;Stück;1 Stück;1.59;Stück;;;;;;no;2024-10-28;no;lidl
Lauchzwiebeln;10.0;pro Stück |;;;1.59;;Schweiz;;82236;https://sortiment.lidl.ch/de/lauchzwiebeln-0082236;Gemüse;2024-10-30 20:51:01.157397;yes;;no;9;yes;Gemüse;no;2024-10-30;1;Stück;1 Stück;1.59;Stück;;;;;;no;2024-10-29;no;lidl
Lauchzwiebeln;10.0;pro Stück |;;;1.59;;Schweiz;;82236;https://sortiment.lidl.ch/de/lauchzwiebeln-0082236;Gemüse;2024-10-31 10:28:23.800286;yes;;no;9;yes;Gemüse;no;2024-10-31;1;Stück;1 Stück;1.59;Stück;;;;;;no;2024-10-30;no;lidl
Lauchzwiebeln;10.0;pro Stück |;;;1.59;;Schweiz;;82236;https://sortiment.lidl.ch/de/lauchzwiebeln-0082236;Gemüse;2024-11-01 09:03:50.881119;yes;;no;9;yes;Gemüse;no;2024-11-01;1;Stück;1 Stück;1.59;Stück;;;;;;no;2024-10-31;no;lidl
Lauchzwiebeln;10.0;pro Stück |;;;1.59;;Schweiz;;82236;https://sortiment.lidl.ch/de/lauchzwiebeln-0082236;Gemüse;2024-11-03 17:40:10.068931;yes;;no;9;yes;Gemüse;no;2024-11-03;1;Stück;1 Stück;1.59;Stück;;;;;;no;2024-11-01;no;lidl
Lauchzwiebeln;10.0;pro Stück |;;;1.59;;Schweiz;;82236;https://sortiment.lidl.ch/de/lauchzwiebeln-0082236;Gemüse;2024-11-04 17:18:40.294488;yes;;no;9;yes;Gemüse;no;2024-11-04;1;Stück;1 Stück;1.59;Stück;;;;;;no;2024-11-03;no;lidl
Snack Gurken 250g;16.0;pro 250g | 100g = 0.80 CHF;;;1.99;;variabel;Kids Snack;82241;https://sortiment.lidl.ch/de/snack-gurken-250g-0082241;Gemüse;2024-10-27 23:06:55.411551;no;;no;9;yes;Gemüse;no;2024-10-27;3;250g;250g;0.8;g;;;;;;no;;;lidl
Snack Gurken 250g;16.0;pro 250g | 100g = 0.80 CHF;;;1.99;;variabel;Kids Snack;82241;https://sortiment.lidl.ch/de/snack-gurken-250g-0082241;Gemüse;2024-10-28 18:00:51.015288;no;;no;9;yes;Gemüse;no;2024-10-28;3;250g;250g;0.8;g;;;;;;no;2024-10-27;no;lidl
Snack Gurken 250g;16.0;pro 250g | 100g = 0.80 CHF;;;1.99;;variabel;Kids Snack;82241;https://sortiment.lidl.ch/de/snack-gurken-250g-0082241;Gemüse;2024-10-29 19:54:18.207193;no;;no;9;yes;Gemüse;no;2024-10-29;3;250g;250g;0.8;g;;;;;;no;2024-10-28;no;lidl
Snack Gurken 250g;16.0;pro 250g | 100g = 0.80 CHF;;;1.99;;variabel;Kids Snack;82241;https://sortiment.lidl.ch/de/snack-gurken-250g-0082241;Gemüse;2024-10-30 20:51:01.157397;no;;no;9;yes;Gemüse;no;2024-10-30;3;250g;250g;0.8;g;;;;;;no;2024-10-29;no;lidl
Snack Gurken 250g;16.0;pro 250g | 100g = 0.80 CHF;;;1.99;;variabel;Kids Snack;82241;https://sortiment.lidl.ch/de/snack-gurken-250g-0082241;Gemüse;2024-10-31 10:28:23.800286;no;;no;9;yes;Gemüse;no;2024-10-31;3;250g;250g;0.8;g;;;;;;no;2024-10-30;no;lidl
Snack Gurken 250g;16.0;pro 250g | 100g = 0.80 CHF;;;1.99;;variabel;Kids Snack;82241;https://sortiment.lidl.ch/de/snack-gurken-250g-0082241;Gemüse;2024-11-01 09:03:50.881119;no;;no;9;yes;Gemüse;no;2024-11-01;3;250g;250g;0.8;g;;;;;;no;2024-10-31;no;lidl
Snack Gurken 250g;16.0;pro 250g | 100g = 0.80 CHF;;;1.99;;variabel;Kids Snack;82241;https://sortiment.lidl.ch/de/snack-gurken-250g-0082241;Gemüse;2024-11-03 17:40:10.068931;no;;no;9;yes;Gemüse;no;2024-11-03;3;250g;250g;0.8;g;;;;;;no;2024-11-01;no;lidl
Snack Gurken 250g;16.0;pro 250g | 100g = 0.80 CHF;;;1.99;;variabel;Kids Snack;82241;https://sortiment.lidl.ch/de/snack-gurken-250g-0082241;Gemüse;2024-11-04 17:18:40.294488;no;;no;9;yes;Gemüse;no;2024-11-04;3;250g;250g;0.8;g;;;;;;no;2024-11-03;no;lidl
Stangenlauch;0.0;pro 1kg |;;;4.49;;Schweiz;;82255;https://sortiment.lidl.ch/de/stangenlauch-0082255;Gemüse;2024-10-27 23:06:55.411551;yes;;yes;9;yes;Gemüse;no;2024-10-27;1;1kg;1000g;0.45;g;;;;;;no;;;lidl
Stangenlauch;0.0;pro 1kg |;;;4.49;;Schweiz;;82255;https://sortiment.lidl.ch/de/stangenlauch-0082255;Gemüse;2024-10-28 18:00:51.015288;yes;;yes;9;yes;Gemüse;no;2024-10-28;1;1kg;1000g;0.45;g;;;;;;no;2024-10-27;no;lidl
Stangenlauch;0.0;pro 1kg |;;;4.49;;Schweiz;;82255;https://sortiment.lidl.ch/de/stangenlauch-0082255;Gemüse;2024-10-29 19:54:18.207193;yes;;yes;9;yes;Gemüse;no;2024-10-29;1;1kg;1000g;0.45;g;;;;;;no;2024-10-28;no;lidl
Stangenlauch;0.0;pro 1kg |;;;4.49;;Schweiz;;82255;https://sortiment.lidl.ch/de/stangenlauch-0082255;Gemüse;2024-10-30 20:51:01.157397;yes;;yes;9;yes;Gemüse;no;2024-10-30;1;1kg;1000g;0.45;g;;;;;;no;2024-10-29;no;lidl
Stangenlauch;0.0;pro 1kg |;;;4.49;;Schweiz;;82255;https://sortiment.lidl.ch/de/stangenlauch-0082255;Gemüse;2024-10-31 10:28:23.800286;yes;;yes;9;yes;Gemüse;no;2024-10-31;1;1kg;1000g;0.45;g;;;;;;no;2024-10-30;no;lidl
Stangenlauch;0.0;pro 1kg |;;;4.49;;Schweiz;;82255;https://sortiment.lidl.ch/de/stangenlauch-0082255;Gemüse;2024-11-01 09:03:50.881119;yes;;yes;9;yes;Gemüse;no;2024-11-01;1;1kg;1000g;0.45;g;;;;;;no;2024-10-31;no;lidl
Stangenlauch;0.0;pro 1kg |;;;4.49;;Schweiz;;82255;https://sortiment.lidl.ch/de/stangenlauch-0082255;Gemüse;2024-11-03 17:40:10.068931;yes;;yes;9;yes;Gemüse;no;2024-11-03;1;1kg;1000g;0.45;g;;;;;;no;2024-11-01;no;lidl
Stangenlauch;0.0;pro 1kg |;;;4.49;;Schweiz;;82255;https://sortiment.lidl.ch/de/stangenlauch-0082255;Gemüse;2024-11-04 17:18:40.294488;yes;;yes;9;yes;Gemüse;no;2024-11-04;1;1kg;1000g;0.45;g;;;;;;no;2024-11-03;no;lidl
Radieschen 250g;0.0;pro Stück |;;;1.49;;Schweiz;;82275;https://sortiment.lidl.ch/de/radieschen-250g-0082275;Gemüse;2024-10-27 23:06:55.411551;yes;;no;9;yes;Gemüse;no;2024-10-27;2;Stück;1 Stück;1.49;Stück;;;;;;no;;;lidl
Radieschen 250g;0.0;pro Stück |;;;1.49;;Schweiz;;82275;https://sortiment.lidl.ch/de/radieschen-250g-0082275;Gemüse;2024-10-28 18:00:51.015288;yes;;no;9;yes;Gemüse;no;2024-10-28;2;Stück;1 Stück;1.49;Stück;;;;;;no;2024-10-27;no;lidl
Radieschen 250g;0.0;pro Stück |;;;1.49;;Schweiz;;82275;https://sortiment.lidl.ch/de/radieschen-250g-0082275;Gemüse;2024-10-29 19:54:18.207193;yes;;no;9;yes;Gemüse;no;2024-10-29;2;Stück;1 Stück;1.49;Stück;;;;;;no;2024-10-28;no;lidl
Radieschen 250g;0.0;pro Stück |;;;1.49;;Schweiz;;82275;https://sortiment.lidl.ch/de/radieschen-250g-0082275;Gemüse;2024-10-30 20:51:01.157397;yes;;no;9;yes;Gemüse;no;2024-10-30;2;Stück;1 Stück;1.49;Stück;;;;;;no;2024-10-29;no;lidl
Radieschen 250g;0.0;pro Stück |;;;1.49;;Schweiz;;82275;https://sortiment.lidl.ch/de/radieschen-250g-0082275;Gemüse;2024-10-31 10:28:23.800286;yes;;no;9;yes;Gemüse;no;2024-10-31;2;Stück;1 Stück;1.49;Stück;;;;;;no;2024-10-30;no;lidl
Radieschen 250g;0.0;pro Stück |;;;1.49;;Schweiz;;82275;https://sortiment.lidl.ch/de/radieschen-250g-0082275;Gemüse;2024-11-01 09:03:50.881119;yes;;no;9;yes;Gemüse;no;2024-11-01;2;Stück;1 Stück;1.49;Stück;;;;;;no;2024-10-31;no;lidl
Radieschen 250g;0.0;pro Stück |;;;1.49;;Schweiz;;82275;https://sortiment.lidl.ch/de/radieschen-250g-0082275;Gemüse;2024-11-03 17:40:10.068931;yes;;no;9;yes;Gemüse;no;2024-11-03;2;Stück;1 Stück;1.49;Stück;;;;;;no;2024-11-01;no;lidl
Radieschen 250g;0.0;pro Stück |;;;1.49;;Schweiz;;82275;https://sortiment.lidl.ch/de/radieschen-250g-0082275;Gemüse;2024-11-04 17:18:40.294488;yes;;no;9;yes;Gemüse;no;2024-11-04;2;Stück;1 Stück;1.49;Stück;;;;;;no;2024-11-03;no;lidl
Spinat 500g;0.0;pro 500g | 1Kg = 6.98 CHF;;;3.49;;Schweiz;;82319;https://sortiment.lidl.ch/de/spinat-500g-0082319;Gemüse;2024-10-27 23:06:55.411551;yes;;yes;9;yes;Gemüse;no;2024-10-27;2;500g;500g;0.7;g;;;;;;no;;;lidl
Spinat 500g;0.0;pro 500g | 1Kg = 6.98 CHF;;;3.49;;Schweiz;;82319;https://sortiment.lidl.ch/de/spinat-500g-0082319;Gemüse;2024-10-28 18:00:51.015288;yes;;yes;9;yes;Gemüse;no;2024-10-28;2;500g;500g;0.7;g;;;;;;no;2024-10-27;no;lidl
Spinat 500g;0.0;pro 500g | 1Kg = 6.98 CHF;;;3.49;;Schweiz;;82319;https://sortiment.lidl.ch/de/spinat-500g-0082319;Gemüse;2024-10-29 19:54:18.207193;yes;;yes;9;yes;Gemüse;no;2024-10-29;2;500g;500g;0.7;g;;;;;;no;2024-10-28;no;lidl
Spinat 500g;0.0;pro 500g | 1Kg = 6.98 CHF;;;3.49;;Schweiz;;82319;https://sortiment.lidl.ch/de/spinat-500g-0082319;Gemüse;2024-10-30 20:51:01.157397;yes;;yes;9;yes;Gemüse;no;2024-10-30;2;500g;500g;0.7;g;;;;;;no;2024-10-29;no;lidl
Spinat 500g;0.0;pro 500g | 1Kg = 6.98 CHF;;;3.49;;Schweiz;;82319;https://sortiment.lidl.ch/de/spinat-500g-0082319;Gemüse;2024-10-31 10:28:23.800286;yes;;yes;9;yes;Gemüse;no;2024-10-31;2;500g;500g;0.7;g;;;;;;no;2024-10-30;no;lidl
Spinat 500g;0.0;pro 500g | 1Kg = 6.98 CHF;;;3.49;;Schweiz;;82319;https://sortiment.lidl.ch/de/spinat-500g-0082319;Gemüse;2024-11-01 09:03:50.881119;yes;;yes;9;yes;Gemüse;no;2024-11-01;2;500g;500g;0.7;g;;;;;;no;2024-10-31;no;lidl
Spinat 500g;0.0;pro 500g | 1Kg = 6.98 CHF;;;3.49;;Schweiz;;82319;https://sortiment.lidl.ch/de/spinat-500g-0082319;Gemüse;2024-11-03 17:40:10.068931;yes;;yes;9;yes;Gemüse;no;2024-11-03;2;500g;500g;0.7;g;;;;;;no;2024-11-01;no;lidl
Spinat 500g;0.0;pro 500g | 1Kg = 6.98 CHF;;;3.49;;Schweiz;;82319;https://sortiment.lidl.ch/de/spinat-500g-0082319;Gemüse;2024-11-04 17:18:40.294488;yes;;yes;9;yes;Gemüse;no;2024-11-04;2;500g;500g;0.7;g;;;;;;no;2024-11-03;no;lidl
Stangenbohnen 500g;0.0;pro 500g | 1Kg = 4.70 CHF;;;2.35;;variabel;;82327;https://sortiment.lidl.ch/de/stangenbohnen-500g-0082327;Gemüse;2024-10-27 23:06:55.411551;no;;no;5;no;Gemüse;no;2024-10-27;2;500g;500g;0.47;g;;;;;;no;;;lidl
Stangenbohnen 500g;0.0;pro 500g | 1Kg = 4.70 CHF;;;2.35;;variabel;;82327;https://sortiment.lidl.ch/de/stangenbohnen-500g-0082327;Gemüse;2024-10-28 18:00:51.015288;no;;no;5;no;Gemüse;no;2024-10-28;2;500g;500g;0.47;g;;;;;;no;2024-10-27;no;lidl
Stangenbohnen 500g;0.0;pro 500g | 1Kg = 4.70 CHF;;;2.35;;variabel;;82327;https://sortiment.lidl.ch/de/stangenbohnen-500g-0082327;Gemüse;2024-10-29 19:54:18.207193;no;;no;5;no;Gemüse;no;2024-10-29;2;500g;500g;0.47;g;;;;;;no;2024-10-28;no;lidl
Stangenbohnen 500g;0.0;pro 500g | 1Kg = 4.70 CHF;;;2.35;;variabel;;82327;https://sortiment.lidl.ch/de/stangenbohnen-500g-0082327;Gemüse;2024-10-30 20:51:01.157397;no;;no;5;no;Gemüse;no;2024-10-30;2;500g;500g;0.47;g;;;;;;no;2024-10-29;no;lidl
Stangenbohnen 500g;0.0;pro 500g | 1Kg = 4.70 CHF;;;2.35;;variabel;;82327;https://sortiment.lidl.ch/de/stangenbohnen-500g-0082327;Gemüse;2024-10-31 10:28:23.800286;no;;no;5;no;Gemüse;no;2024-10-31;2;500g;500g;0.47;g;;;;;;no;2024-10-30;no;lidl
Stangenbohnen 500g;0.0;pro 500g | 1Kg = 4.70 CHF;;;2.35;;variabel;;82327;https://sortiment.lidl.ch/de/stangenbohnen-500g-0082327;Gemüse;2024-11-01 09:03:50.881119;no;;no;5;no;Gemüse;no;2024-11-01;2;500g;500g;0.47;g;;;;;;no;2024-10-31;no;lidl
Stangenbohnen 500g;0.0;pro 500g | 1Kg = 4.70 CHF;;;2.35;;variabel;;82327;https://sortiment.lidl.ch/de/stangenbohnen-500g-0082327;Gemüse;2024-11-03 17:40:10.068931;no;;no;5;no;Gemüse;no;2024-11-03;2;500g;500g;0.47;g;;;;;;no;2024-11-01;no;lidl
Stangenbohnen 500g;0.0;pro 500g | 1Kg = 4.70 CHF;;;2.35;;variabel;;82327;https://sortiment.lidl.ch/de/stangenbohnen-500g-0082327;Gemüse;2024-11-04 17:18:40.294488;no;;no;5;no;Gemüse;no;2024-11-04;2;500g;500g;0.47;g;;;;;;no;2024-11-03;no;lidl
Suppengemüse;0.0;pro 1kg |;;;4.29;;Schweiz;;82329;https://sortiment.lidl.ch/de/suppengemuese-0082329;Gemüse;2024-10-27 23:06:55.411551;yes;;yes;9;yes;Gemüse;no;2024-10-27;1;1kg;1000g;0.43;g;;;;;;no;;;lidl
Suppengemüse;0.0;pro 1kg |;;;4.29;;Schweiz;;82329;https://sortiment.lidl.ch/de/suppengemuese-0082329;Gemüse;2024-10-28 18:00:51.015288;yes;;yes;9;yes;Gemüse;no;2024-10-28;1;1kg;1000g;0.43;g;;;;;;no;2024-10-27;no;lidl
Suppengemüse;0.0;pro 1kg |;;;4.29;;Schweiz;;82329;https://sortiment.lidl.ch/de/suppengemuese-0082329;Gemüse;2024-10-29 19:54:18.207193;yes;;yes;9;yes;Gemüse;no;2024-10-29;1;1kg;1000g;0.43;g;;;;;;no;2024-10-28;no;lidl
Suppengemüse;0.0;pro 1kg |;;;4.29;;Schweiz;;82329;https://sortiment.lidl.ch/de/suppengemuese-0082329;Gemüse;2024-10-30 20:51:01.157397;yes;;yes;9;yes;Gemüse;no;2024-10-30;1;1kg;1000g;0.43;g;;;;;;no;2024-10-29;no;lidl
Suppengemüse;0.0;pro 1kg |;;;4.29;;Schweiz;;82329;https://sortiment.lidl.ch/de/suppengemuese-0082329;Gemüse;2024-10-31 10:28:23.800286;yes;;yes;9;yes;Gemüse;no;2024-10-31;1;1kg;1000g;0.43;g;;;;;;no;2024-10-30;no;lidl
Suppengemüse;0.0;pro 1kg |;;;4.29;;Schweiz;;82329;https://sortiment.lidl.ch/de/suppengemuese-0082329;Gemüse;2024-11-01 09:03:50.881119;yes;;yes;9;yes;Gemüse;no;2024-11-01;1;1kg;1000g;0.43;g;;;;;;no;2024-10-31;no;lidl
Suppengemüse;0.0;pro 1kg |;;;4.29;;Schweiz;;82329;https://sortiment.lidl.ch/de/suppengemuese-0082329;Gemüse;2024-11-03 17:40:10.068931;yes;;yes;9;yes;Gemüse;no;2024-11-03;1;1kg;1000g;0.43;g;;;;;;no;2024-11-01;no;lidl
Suppengemüse;0.0;pro 1kg |;;;4.29;;Schweiz;;82329;https://sortiment.lidl.ch/de/suppengemuese-0082329;Gemüse;2024-11-04 17:18:40.294488;yes;;yes;9;yes;Gemüse;no;2024-11-04;1;1kg;1000g;0.43;g;;;;;;no;2024-11-03;no;lidl
Zucchetti;0.0;pro 1kg |;;;1.99;;variabel;;82345;https://sortiment.lidl.ch/de/zucchetti-0082345;Gemüse;2024-10-27 23:06:55.411551;no;;no;9;yes;Gemüse;no;2024-10-27;1;1kg;1000g;0.2;g;;;;;;no;;;lidl
Zucchetti;0.0;pro 1kg |;;;1.99;;variabel;;82345;https://sortiment.lidl.ch/de/zucchetti-0082345;Gemüse;2024-10-28 18:00:51.015288;no;;no;9;yes;Gemüse;no;2024-10-28;1;1kg;1000g;0.2;g;;;;;;no;2024-10-27;no;lidl
Zucchetti;0.0;pro 1kg |;;;1.99;;variabel;;82345;https://sortiment.lidl.ch/de/zucchetti-0082345;Gemüse;2024-10-29 19:54:18.207193;no;;no;9;yes;Gemüse;no;2024-10-29;1;1kg;1000g;0.2;g;;;;;;no;2024-10-28;no;lidl
Zucchetti;0.0;pro 1kg |;;;1.99;;variabel;;82345;https://sortiment.lidl.ch/de/zucchetti-0082345;Gemüse;2024-10-30 20:51:01.157397;no;;no;9;yes;Gemüse;no;2024-10-30;1;1kg;1000g;0.2;g;;;;;;no;2024-10-29;no;lidl
Zucchetti;0.0;pro 1kg |;;;1.99;;variabel;;82345;https://sortiment.lidl.ch/de/zucchetti-0082345;Gemüse;2024-10-31 10:28:23.800286;no;;no;9;yes;Gemüse;no;2024-10-31;1;1kg;1000g;0.2;g;;;;;;no;2024-10-30;no;lidl
Zucchetti;0.0;pro 1kg |;;;1.99;;variabel;;82345;https://sortiment.lidl.ch/de/zucchetti-0082345;Gemüse;2024-11-01 09:03:50.881119;no;;no;9;yes;Gemüse;no;2024-11-01;1;1kg;1000g;0.2;g;;;;;;no;2024-10-31;no;lidl
Zucchetti;0.0;pro 1kg |;;;1.99;;variabel;;82345;https://sortiment.lidl.ch/de/zucchetti-0082345;Gemüse;2024-11-03 17:40:10.068931;no;;no;9;yes;Gemüse;no;2024-11-03;1;1kg;1000g;0.2;g;;;;;;no;2024-11-01;no;lidl
Zucchetti;0.0;pro 1kg |;;;1.99;;variabel;;82345;https://sortiment.lidl.ch/de/zucchetti-0082345;Gemüse;2024-11-04 17:18:40.294488;no;;no;9;yes;Gemüse;no;2024-11-04;1;1kg;1000g;0.2;g;;;;;;no;2024-11-03;no;lidl
Cherryrispen-Tomaten 500g;23.0;pro 500g | 1Kg = 7.90 CHF;;;3.95;;variabel;typisch;82388;https://sortiment.lidl.ch/de/cherryrispen-tomaten-500g-0082388;Gemüse;2024-10-27 23:06:55.411551;no;;yes;5;no;Gemüse;no;2024-10-27;2;500g;500g;0.79;g;;;;;;no;;;lidl
Cherryrispen-Tomaten 500g;23.0;pro 500g | 1Kg = 7.90 CHF;;;3.95;;variabel;typisch;82388;https://sortiment.lidl.ch/de/cherryrispen-tomaten-500g-0082388;Gemüse;2024-10-28 18:00:51.015288;no;;yes;5;no;Gemüse;no;2024-10-28;2;500g;500g;0.79;g;;;;;;no;2024-10-27;no;lidl
Cherryrispen-Tomaten 500g;23.0;pro 500g | 1Kg = 7.90 CHF;;;3.95;;variabel;typisch;82388;https://sortiment.lidl.ch/de/cherryrispen-tomaten-500g-0082388;Gemüse;2024-10-29 19:54:18.207193;no;;yes;5;no;Gemüse;no;2024-10-29;2;500g;500g;0.79;g;;;;;;no;2024-10-28;no;lidl
Cherryrispen-Tomaten 500g;23.0;pro 500g | 1Kg = 7.90 CHF;;;3.95;;variabel;typisch;82388;https://sortiment.lidl.ch/de/cherryrispen-tomaten-500g-0082388;Gemüse;2024-10-30 20:51:01.157397;no;;yes;5;no;Gemüse;no;2024-10-30;2;500g;500g;0.79;g;;;;;;no;2024-10-29;no;lidl
Cherryrispen-Tomaten 500g;23.0;pro 500g | 1Kg = 7.90 CHF;;;3.95;;variabel;typisch;82388;https://sortiment.lidl.ch/de/cherryrispen-tomaten-500g-0082388;Gemüse;2024-10-31 10:28:23.800286;no;;yes;5;no;Gemüse;no;2024-10-31;2;500g;500g;0.79;g;;;;;;no;2024-10-30;no;lidl
Cherryrispen-Tomaten 500g;23.0;pro 500g | 1Kg = 7.90 CHF;;;3.95;;variabel;typisch;82388;https://sortiment.lidl.ch/de/cherryrispen-tomaten-500g-0082388;Gemüse;2024-11-01 09:03:50.881119;no;;yes;5;no;Gemüse;no;2024-11-01;2;500g;500g;0.79;g;;;;;;no;2024-10-31;no;lidl
Cherryrispen-Tomaten 500g;23.0;pro 500g | 1Kg = 6.98 CHF;;;3.49;;variabel;typisch;82388;https://sortiment.lidl.ch/de/cherryrispen-tomaten-500g-0082388;Gemüse;2024-11-04 17:18:40.294488;no;;yes;9;yes;Gemüse;no;2024-11-04;2;500g;500g;0.7;g;;;;;;no;2024-11-01;no;lidl
Dattelcherry-Tomaten 250g;10.0;pro 250g | 100g = 1.00 CHF;;;2.49;;Schweiz;;82407;https://sortiment.lidl.ch/de/dattelcherry-tomaten-250g-0082407;Gemüse;2024-10-27 23:06:55.411551;yes;;yes;9;yes;Gemüse;no;2024-10-27;2;250g;250g;1.0;g;;;;;;no;;;lidl
Dattelcherry-Tomaten 250g;10.0;pro 250g | 100g = 1.00 CHF;;;2.49;;Schweiz;;82407;https://sortiment.lidl.ch/de/dattelcherry-tomaten-250g-0082407;Gemüse;2024-10-28 18:00:51.015288;yes;;yes;9;yes;Gemüse;no;2024-10-28;2;250g;250g;1.0;g;;;;;;no;2024-10-27;no;lidl
Dattelcherry-Tomaten 250g;10.0;pro 250g | 100g = 1.00 CHF;;;2.49;;Schweiz;;82407;https://sortiment.lidl.ch/de/dattelcherry-tomaten-250g-0082407;Gemüse;2024-10-29 19:54:18.207193;yes;;yes;9;yes;Gemüse;no;2024-10-29;2;250g;250g;1.0;g;;;;;;no;2024-10-28;no;lidl
Dattelcherry-Tomaten 250g;10.0;pro 250g | 100g = 1.00 CHF;;;2.49;;Schweiz;;82407;https://sortiment.lidl.ch/de/dattelcherry-tomaten-250g-0082407;Gemüse;2024-10-30 20:51:01.157397;yes;;yes;9;yes;Gemüse;no;2024-10-30;2;250g;250g;1.0;g;;;;;;no;2024-10-29;no;lidl
Dattelcherry-Tomaten 250g;10.0;pro 250g | 100g = 1.00 CHF;;;2.49;;Schweiz;;82407;https://sortiment.lidl.ch/de/dattelcherry-tomaten-250g-0082407;Gemüse;2024-10-31 10:28:23.800286;yes;;yes;9;yes;Gemüse;no;2024-10-31;2;250g;250g;1.0;g;;;;;;no;2024-10-30;no;lidl
Dattelcherry-Tomaten 250g;10.0;pro 250g | 100g = 1.00 CHF;;;2.49;;Schweiz;;82407;https://sortiment.lidl.ch/de/dattelcherry-tomaten-250g-0082407;Gemüse;2024-11-01 09:03:50.881119;yes;;yes;9;yes;Gemüse;no;2024-11-01;2;250g;250g;1.0;g;;;;;;no;2024-10-31;no;lidl
Dattelcherry-Tomaten 250g;10.0;pro 250g | 100g = 1.00 CHF;;;2.49;;Schweiz;;82407;https://sortiment.lidl.ch/de/dattelcherry-tomaten-250g-0082407;Gemüse;2024-11-03 17:40:10.068931;yes;;yes;9;yes;Gemüse;no;2024-11-03;2;250g;250g;1.0;g;;;;;;no;2024-11-01;no;lidl
Dattelcherry-Tomaten 250g;10.0;pro 250g | 100g = 1.00 CHF;;;2.49;;Schweiz;;82407;https://sortiment.lidl.ch/de/dattelcherry-tomaten-250g-0082407;Gemüse;2024-11-04 17:18:40.294488;yes;;yes;9;yes;Gemüse;no;2024-11-04;2;250g;250g;1.0;g;;;;;;no;2024-11-03;no;lidl
Dattelcherry-Tomaten 500g;1.0;pro 500g | 1Kg = 3.58 CHF;;;1.79;;variabel;;82411;https://sortiment.lidl.ch/de/dattelcherry-tomaten-500g-0082411;Gemüse;2024-10-27 23:06:55.411551;no;;no;9;yes;Gemüse;no;2024-10-27;2;500g;500g;0.36;g;;;;;;no;;;lidl
Dattelcherry-Tomaten 500g;1.0;pro 500g | 1Kg = 3.58 CHF;;;1.79;;variabel;;82411;https://sortiment.lidl.ch/de/dattelcherry-tomaten-500g-0082411;Gemüse;2024-10-28 18:00:51.015288;no;;no;9;yes;Gemüse;no;2024-10-28;2;500g;500g;0.36;g;;;;;;no;2024-10-27;no;lidl
Dattelcherry-Tomaten 500g;1.0;pro 500g | 1Kg = 3.58 CHF;;;1.79;;variabel;;82411;https://sortiment.lidl.ch/de/dattelcherry-tomaten-500g-0082411;Gemüse;2024-10-29 19:54:18.207193;no;;no;9;yes;Gemüse;no;2024-10-29;2;500g;500g;0.36;g;;;;;;no;2024-10-28;no;lidl
Dattelcherry-Tomaten 500g;1.0;pro 500g | 1Kg = 3.58 CHF;;;1.79;;variabel;;82411;https://sortiment.lidl.ch/de/dattelcherry-tomaten-500g-0082411;Gemüse;2024-10-30 20:51:01.157397;no;;no;9;yes;Gemüse;no;2024-10-30;2;500g;500g;0.36;g;;;;;;no;2024-10-29;no;lidl
Dattelcherry-Tomaten 500g;1.0;pro 500g | 1Kg = 3.58 CHF;;;1.79;;variabel;;82411;https://sortiment.lidl.ch/de/dattelcherry-tomaten-500g-0082411;Gemüse;2024-10-31 10:28:23.800286;no;;no;9;yes;Gemüse;no;2024-10-31;2;500g;500g;0.36;g;;;;;;no;2024-10-30;no;lidl
Dattelcherry-Tomaten 500g;1.0;pro 500g | 1Kg = 3.58 CHF;;;1.79;;variabel;;82411;https://sortiment.lidl.ch/de/dattelcherry-tomaten-500g-0082411;Gemüse;2024-11-01 09:03:50.881119;no;;no;9;yes;Gemüse;no;2024-11-01;2;500g;500g;0.36;g;;;;;;no;2024-10-31;no;lidl
Dattelcherry-Tomaten 500g;1.0;pro 500g | 1Kg = 3.58 CHF;;;1.79;;variabel;;82411;https://sortiment.lidl.ch/de/dattelcherry-tomaten-500g-0082411;Gemüse;2024-11-03 17:40:10.068931;no;;no;9;yes;Gemüse;no;2024-11-03;2;500g;500g;0.36;g;;;;;;no;2024-11-01;no;lidl
Dattelcherry-Tomaten 500g;1.0;pro 500g | 1Kg = 3.58 CHF;;;1.79;;variabel;;82411;https://sortiment.lidl.ch/de/dattelcherry-tomaten-500g-0082411;Gemüse;2024-11-04 17:18:40.294488;no;;no;9;yes;Gemüse;no;2024-11-04;2;500g;500g;0.36;g;;;;;;no;2024-11-03;no;lidl
Cherryrispen-Tomaten 200g;10.0;pro 200g | 100g = 1.15 CHF;;;2.29;;variabel;Deluxe;82437;https://sortiment.lidl.ch/de/cherryrispen-tomaten-200g-0082437;Gemüse;2024-10-27 23:06:55.411551;no;;no;9;yes;Gemüse;no;2024-10-27;2;200g;200g;1.15;g;;;;;;no;;;lidl
Cherryrispen-Tomaten 200g;10.0;pro 200g | 100g = 1.15 CHF;;;2.29;;variabel;Deluxe;82437;https://sortiment.lidl.ch/de/cherryrispen-tomaten-200g-0082437;Gemüse;2024-10-28 18:00:51.015288;no;;no;9;yes;Gemüse;no;2024-10-28;2;200g;200g;1.15;g;;;;;;no;2024-10-27;no;lidl
Cherryrispen-Tomaten 200g;10.0;pro 200g | 100g = 1.15 CHF;;;2.29;;variabel;Deluxe;82437;https://sortiment.lidl.ch/de/cherryrispen-tomaten-200g-0082437;Gemüse;2024-10-29 19:54:18.207193;no;;no;9;yes;Gemüse;no;2024-10-29;2;200g;200g;1.15;g;;;;;;no;2024-10-28;no;lidl
Cherryrispen-Tomaten 200g;10.0;pro 200g | 100g = 1.15 CHF;;;2.29;;variabel;Deluxe;82437;https://sortiment.lidl.ch/de/cherryrispen-tomaten-200g-0082437;Gemüse;2024-10-30 20:51:01.157397;no;;no;9;yes;Gemüse;no;2024-10-30;2;200g;200g;1.15;g;;;;;;no;2024-10-29;no;lidl
Cherryrispen-Tomaten 200g;10.0;pro 200g | 100g = 1.15 CHF;;;2.29;;variabel;Deluxe;82437;https://sortiment.lidl.ch/de/cherryrispen-tomaten-200g-0082437;Gemüse;2024-10-31 10:28:23.800286;no;;no;9;yes;Gemüse;no;2024-10-31;2;200g;200g;1.15;g;;;;;;no;2024-10-30;no;lidl
Cherryrispen-Tomaten 200g;10.0;pro 200g | 100g = 1.15 CHF;;;2.29;;variabel;Deluxe;82437;https://sortiment.lidl.ch/de/cherryrispen-tomaten-200g-0082437;Gemüse;2024-11-01 09:03:50.881119;no;;no;9;yes;Gemüse;no;2024-11-01;2;200g;200g;1.15;g;;;;;;no;2024-10-31;no;lidl
Cherryrispen-Tomaten 200g;10.0;pro 200g | 100g = 1.15 CHF;;;2.29;;variabel;Deluxe;82437;https://sortiment.lidl.ch/de/cherryrispen-tomaten-200g-0082437;Gemüse;2024-11-03 17:40:10.068931;no;;no;9;yes;Gemüse;no;2024-11-03;2;200g;200g;1.15;g;;;;;;no;2024-11-01;no;lidl
Cherryrispen-Tomaten 200g;10.0;pro 200g | 100g = 1.15 CHF;;;2.29;;variabel;Deluxe;82437;https://sortiment.lidl.ch/de/cherryrispen-tomaten-200g-0082437;Gemüse;2024-11-04 17:18:40.294488;no;;no;9;yes;Gemüse;no;2024-11-04;2;200g;200g;1.15;g;;;;;;no;2024-11-03;no;lidl
Romatomaten 500g;1.0;pro 500g | 1Kg = 3.98 CHF;;;1.99;;variabel;;82446;https://sortiment.lidl.ch/de/romatomaten-500g-0082446;Gemüse;2024-10-27 23:06:55.411551;no;;no;9;yes;Gemüse;no;2024-10-27;2;500g;500g;0.4;g;;;;;;no;;;lidl
Romatomaten 500g;1.0;pro 500g | 1Kg = 3.98 CHF;;;1.99;;variabel;;82446;https://sortiment.lidl.ch/de/romatomaten-500g-0082446;Gemüse;2024-10-28 18:00:51.015288;no;;no;9;yes;Gemüse;no;2024-10-28;2;500g;500g;0.4;g;;;;;;no;2024-10-27;no;lidl
Romatomaten 500g;1.0;pro 500g | 1Kg = 3.98 CHF;;;1.99;;variabel;;82446;https://sortiment.lidl.ch/de/romatomaten-500g-0082446;Gemüse;2024-10-29 19:54:18.207193;no;;no;9;yes;Gemüse;no;2024-10-29;2;500g;500g;0.4;g;;;;;;no;2024-10-28;no;lidl
Romatomaten 500g;1.0;pro 500g | 1Kg = 3.98 CHF;;;1.99;;variabel;;82446;https://sortiment.lidl.ch/de/romatomaten-500g-0082446;Gemüse;2024-10-30 20:51:01.157397;no;;no;9;yes;Gemüse;no;2024-10-30;2;500g;500g;0.4;g;;;;;;no;2024-10-29;no;lidl
Romatomaten 500g;1.0;pro 500g | 1Kg = 3.98 CHF;;;1.99;;variabel;;82446;https://sortiment.lidl.ch/de/romatomaten-500g-0082446;Gemüse;2024-10-31 10:28:23.800286;no;;no;9;yes;Gemüse;no;2024-10-31;2;500g;500g;0.4;g;;;;;;no;2024-10-30;no;lidl
Romatomaten 500g;1.0;pro 500g | 1Kg = 3.98 CHF;;;1.99;;variabel;;82446;https://sortiment.lidl.ch/de/romatomaten-500g-0082446;Gemüse;2024-11-01 09:03:50.881119;no;;no;9;yes;Gemüse;no;2024-11-01;2;500g;500g;0.4;g;;;;;;no;2024-10-31;no;lidl
Romatomaten 500g;1.0;pro 500g | 1Kg = 3.98 CHF;;;1.99;;variabel;;82446;https://sortiment.lidl.ch/de/romatomaten-500g-0082446;Gemüse;2024-11-03 17:40:10.068931;no;;no;9;yes;Gemüse;no;2024-11-03;2;500g;500g;0.4;g;;;;;;no;2024-11-01;no;lidl
Romatomaten 500g;1.0;pro 500g | 1Kg = 3.98 CHF;;;1.99;;variabel;;82446;https://sortiment.lidl.ch/de/romatomaten-500g-0082446;Gemüse;2024-11-04 17:18:40.294488;no;;no;9;yes;Gemüse;no;2024-11-04;2;500g;500g;0.4;g;;;;;;no;2024-11-03;no;lidl
Rispentomaten;1.0;pro 1kg |;;;3.59;;Schweiz;typisch;82465;https://sortiment.lidl.ch/de/rispentomaten-0082465;Gemüse;2024-10-27 23:06:55.411551;yes;;yes;9;yes;Gemüse;no;2024-10-27;1;1kg;1000g;0.36;g;;;;;;no;;;lidl
Rispentomaten;1.0;pro 1kg |;;;3.59;;Schweiz;typisch;82465;https://sortiment.lidl.ch/de/rispentomaten-0082465;Gemüse;2024-10-28 18:00:51.015288;yes;;yes;9;yes;Gemüse;no;2024-10-28;1;1kg;1000g;0.36;g;;;;;;no;2024-10-27;no;lidl
Rispentomaten;1.0;pro 1kg |;;;3.59;;Schweiz;typisch;82465;https://sortiment.lidl.ch/de/rispentomaten-0082465;Gemüse;2024-10-29 19:54:18.207193;yes;;yes;9;yes;Gemüse;no;2024-10-29;1;1kg;1000g;0.36;g;;;;;;no;2024-10-28;no;lidl
Rispentomaten;1.0;pro 1kg |;;;3.59;;Schweiz;typisch;82465;https://sortiment.lidl.ch/de/rispentomaten-0082465;Gemüse;2024-10-30 20:51:01.157397;yes;;yes;9;yes;Gemüse;no;2024-10-30;1;1kg;1000g;0.36;g;;;;;;no;2024-10-29;no;lidl
Rispentomaten;1.0;pro 1kg |;3.59;-1 Fr.;2.59;31.10. - 6.11.;Schweiz;typisch;82465;https://sortiment.lidl.ch/de/rispentomaten-0082465;Gemüse;2024-10-31 10:28:23.800286;yes;0.28;yes;9;yes;Gemüse;no;2024-10-31;1;1kg;1000g;0.26;g;2024-10-31;2024-11-06;Thursday;Wednesday;6 days;yes;2024-10-30;no;lidl
Rispentomaten;1.0;pro 1kg |;3.59;-1 Fr.;2.59;31.10. - 6.11.;Schweiz;typisch;82465;https://sortiment.lidl.ch/de/rispentomaten-0082465;Gemüse;2024-11-01 09:03:50.881119;yes;0.28;yes;9;yes;Gemüse;no;2024-11-01;1;1kg;1000g;0.26;g;2024-10-31;2024-11-06;Thursday;Wednesday;6 days;yes;2024-10-31;no;lidl
Rispentomaten;1.0;pro 1kg |;3.59;-1 Fr.;2.59;31.10. - 6.11.;Schweiz;typisch;82465;https://sortiment.lidl.ch/de/rispentomaten-0082465;Gemüse;2024-11-03 17:40:10.068931;yes;0.28;yes;9;yes;Gemüse;no;2024-11-03;1;1kg;1000g;0.26;g;2024-10-31;2024-11-06;Thursday;Wednesday;6 days;yes;2024-11-01;no;lidl
Rispentomaten;1.0;pro 1kg |;3.59;-1 Fr.;2.59;31.10. - 6.11.;Schweiz;typisch;82465;https://sortiment.lidl.ch/de/rispentomaten-0082465;Gemüse;2024-11-04 17:18:40.294488;yes;0.28;yes;9;yes;Gemüse;no;2024-11-04;1;1kg;1000g;0.26;g;2024-10-31;2024-11-06;Thursday;Wednesday;6 days;yes;2024-11-03;no;lidl
Tomaten;0.0;pro 1kg |;;;2.95;;Schweiz;typisch;82480;https://sortiment.lidl.ch/de/tomaten-0082480;Gemüse;2024-10-27 23:06:55.411551;yes;;yes;5;no;Gemüse;no;2024-10-27;1;1kg;1000g;0.3;g;;;;;;no;;;lidl
Tomaten;0.0;pro 1kg |;;;2.95;;Schweiz;typisch;82480;https://sortiment.lidl.ch/de/tomaten-0082480;Gemüse;2024-10-28 18:00:51.015288;yes;;yes;5;no;Gemüse;no;2024-10-28;1;1kg;1000g;0.3;g;;;;;;no;2024-10-27;no;lidl
Tomaten;0.0;pro 1kg |;;;2.95;;Schweiz;typisch;82480;https://sortiment.lidl.ch/de/tomaten-0082480;Gemüse;2024-10-29 19:54:18.207193;yes;;yes;5;no;Gemüse;no;2024-10-29;1;1kg;1000g;0.3;g;;;;;;no;2024-10-28;no;lidl
Tomaten;0.0;pro 1kg |;;;2.95;;Schweiz;typisch;82480;https://sortiment.lidl.ch/de/tomaten-0082480;Gemüse;2024-10-30 20:51:01.157397;yes;;yes;5;no;Gemüse;no;2024-10-30;1;1kg;1000g;0.3;g;;;;;;no;2024-10-29;no;lidl
Tomaten;0.0;pro 1kg |;;;2.95;;Schweiz;typisch;82480;https://sortiment.lidl.ch/de/tomaten-0082480;Gemüse;2024-10-31 10:28:23.800286;yes;;yes;5;no;Gemüse;no;2024-10-31;1;1kg;1000g;0.3;g;;;;;;no;2024-10-30;no;lidl
Tomaten;0.0;pro 1kg |;;;2.95;;Schweiz;typisch;82480;https://sortiment.lidl.ch/de/tomaten-0082480;Gemüse;2024-11-01 09:03:50.881119;yes;;yes;5;no;Gemüse;no;2024-11-01;1;1kg;1000g;0.3;g;;;;;;no;2024-10-31;no;lidl
Tomaten;0.0;pro 1kg |;;;2.95;;Schweiz;typisch;82480;https://sortiment.lidl.ch/de/tomaten-0082480;Gemüse;2024-11-03 17:40:10.068931;yes;;yes;5;no;Gemüse;no;2024-11-03;1;1kg;1000g;0.3;g;;;;;;no;2024-11-01;no;lidl
Tomaten;0.0;pro 1kg |;;;2.95;;Schweiz;typisch;82480;https://sortiment.lidl.ch/de/tomaten-0082480;Gemüse;2024-11-04 17:18:40.294488;yes;;yes;5;no;Gemüse;no;2024-11-04;1;1kg;1000g;0.3;g;;;;;;no;2024-11-03;no;lidl
Tomaten 1kg;1.0;pro 1kg |;;;1.89;;variabel;;82488;https://sortiment.lidl.ch/de/tomaten-1kg-0082488;Gemüse;2024-10-27 23:06:55.411551;no;;no;9;yes;Gemüse;no;2024-10-27;2;1kg;1000g;0.19;g;;;;;;no;;;lidl
Tomaten 1kg;1.0;pro 1kg |;;;1.89;;variabel;;82488;https://sortiment.lidl.ch/de/tomaten-1kg-0082488;Gemüse;2024-10-28 18:00:51.015288;no;;no;9;yes;Gemüse;no;2024-10-28;2;1kg;1000g;0.19;g;;;;;;no;2024-10-27;no;lidl
Tomaten 1kg;1.0;pro 1kg |;;;1.89;;variabel;;82488;https://sortiment.lidl.ch/de/tomaten-1kg-0082488;Gemüse;2024-10-29 19:54:18.207193;no;;no;9;yes;Gemüse;no;2024-10-29;2;1kg;1000g;0.19;g;;;;;;no;2024-10-28;no;lidl
Tomaten 1kg;1.0;pro 1kg |;;;1.89;;variabel;;82488;https://sortiment.lidl.ch/de/tomaten-1kg-0082488;Gemüse;2024-10-30 20:51:01.157397;no;;no;9;yes;Gemüse;no;2024-10-30;2;1kg;1000g;0.19;g;;;;;;no;2024-10-29;no;lidl
Tomaten 1kg;1.0;pro 1kg |;;;1.89;;variabel;;82488;https://sortiment.lidl.ch/de/tomaten-1kg-0082488;Gemüse;2024-10-31 10:28:23.800286;no;;no;9;yes;Gemüse;no;2024-10-31;2;1kg;1000g;0.19;g;;;;;;no;2024-10-30;no;lidl
Tomaten 1kg;1.0;pro 1kg |;;;1.89;;variabel;;82488;https://sortiment.lidl.ch/de/tomaten-1kg-0082488;Gemüse;2024-11-01 09:03:50.881119;no;;no;9;yes;Gemüse;no;2024-11-01;2;1kg;1000g;0.19;g;;;;;;no;2024-10-31;no;lidl
Tomaten 1kg;1.0;pro 1kg |;;;1.89;;variabel;;82488;https://sortiment.lidl.ch/de/tomaten-1kg-0082488;Gemüse;2024-11-03 17:40:10.068931;no;;no;9;yes;Gemüse;no;2024-11-03;2;1kg;1000g;0.19;g;;;;;;no;2024-11-01;no;lidl
Tomaten 1kg;1.0;pro 1kg |;;;1.89;;variabel;;82488;https://sortiment.lidl.ch/de/tomaten-1kg-0082488;Gemüse;2024-11-04 17:18:40.294488;no;;no;9;yes;Gemüse;no;2024-11-04;2;1kg;1000g;0.19;g;;;;;;no;2024-11-03;no;lidl
Tomaten Coeur de Boeuf;7.0;pro 1kg |;;;4.49;;Schweiz;;82500;https://sortiment.lidl.ch/de/tomaten-coeur-de-boeuf-0082500;Gemüse;2024-10-27 23:06:55.411551;yes;;yes;9;yes;Gemüse;no;2024-10-27;4;1kg;1000g;0.45;g;;;;;;no;;;lidl
Tomaten Coeur de Boeuf;7.0;pro 1kg |;;;4.49;;Schweiz;;82500;https://sortiment.lidl.ch/de/tomaten-coeur-de-boeuf-0082500;Gemüse;2024-10-28 18:00:51.015288;yes;;yes;9;yes;Gemüse;no;2024-10-28;4;1kg;1000g;0.45;g;;;;;;no;2024-10-27;no;lidl
Tomaten Coeur de Boeuf;7.0;pro 1kg |;;;4.49;;Schweiz;;82500;https://sortiment.lidl.ch/de/tomaten-coeur-de-boeuf-0082500;Gemüse;2024-10-29 19:54:18.207193;yes;;yes;9;yes;Gemüse;no;2024-10-29;4;1kg;1000g;0.45;g;;;;;;no;2024-10-28;no;lidl
Tomaten Coeur de Boeuf;7.0;pro 1kg |;;;4.49;;Schweiz;;82500;https://sortiment.lidl.ch/de/tomaten-coeur-de-boeuf-0082500;Gemüse;2024-10-30 20:51:01.157397;yes;;yes;9;yes;Gemüse;no;2024-10-30;4;1kg;1000g;0.45;g;;;;;;no;2024-10-29;no;lidl
Tomaten Coeur de Boeuf;7.0;pro 1kg |;;;4.49;;Schweiz;;82500;https://sortiment.lidl.ch/de/tomaten-coeur-de-boeuf-0082500;Gemüse;2024-10-31 10:28:23.800286;yes;;yes;9;yes;Gemüse;no;2024-10-31;4;1kg;1000g;0.45;g;;;;;;no;2024-10-30;no;lidl
Tomaten Coeur de Boeuf;7.0;pro 1kg |;;;4.49;;Schweiz;;82500;https://sortiment.lidl.ch/de/tomaten-coeur-de-boeuf-0082500;Gemüse;2024-11-01 09:03:50.881119;yes;;yes;9;yes;Gemüse;no;2024-11-01;4;1kg;1000g;0.45;g;;;;;;no;2024-10-31;no;lidl
Tomaten Coeur de Boeuf;7.0;pro 1kg |;;;4.49;;Schweiz;;82500;https://sortiment.lidl.ch/de/tomaten-coeur-de-boeuf-0082500;Gemüse;2024-11-03 17:40:10.068931;yes;;yes;9;yes;Gemüse;no;2024-11-03;4;1kg;1000g;0.45;g;;;;;;no;2024-11-01;no;lidl
Tomaten Coeur de Boeuf;7.0;pro 1kg |;;;4.49;;Schweiz;;82500;https://sortiment.lidl.ch/de/tomaten-coeur-de-boeuf-0082500;Gemüse;2024-11-04 17:18:40.294488;yes;;yes;9;yes;Gemüse;no;2024-11-04;4;1kg;1000g;0.45;g;;;;;;no;2024-11-03;no;lidl
Tomaten San Marzano;0.0;pro 1kg |;;;3.79;;Schweiz;;82505;https://sortiment.lidl.ch/de/tomaten-san-marzano-0082505;Gemüse;2024-10-27 23:06:55.411551;yes;;yes;9;yes;Gemüse;no;2024-10-27;3;1kg;1000g;0.38;g;;;;;;no;;;lidl
Tomaten San Marzano;0.0;pro 1kg |;;;3.79;;Schweiz;;82505;https://sortiment.lidl.ch/de/tomaten-san-marzano-0082505;Gemüse;2024-10-28 18:00:51.015288;yes;;yes;9;yes;Gemüse;no;2024-10-28;3;1kg;1000g;0.38;g;;;;;;no;2024-10-27;no;lidl
Tomaten San Marzano;0.0;pro 1kg |;;;3.79;;Schweiz;;82505;https://sortiment.lidl.ch/de/tomaten-san-marzano-0082505;Gemüse;2024-10-29 19:54:18.207193;yes;;yes;9;yes;Gemüse;no;2024-10-29;3;1kg;1000g;0.38;g;;;;;;no;2024-10-28;no;lidl
Tomaten San Marzano;0.0;pro 1kg |;;;3.79;;Schweiz;;82505;https://sortiment.lidl.ch/de/tomaten-san-marzano-0082505;Gemüse;2024-10-30 20:51:01.157397;yes;;yes;9;yes;Gemüse;no;2024-10-30;3;1kg;1000g;0.38;g;;;;;;no;2024-10-29;no;lidl
Tomaten San Marzano;0.0;pro 1kg |;;;3.79;;Schweiz;;82505;https://sortiment.lidl.ch/de/tomaten-san-marzano-0082505;Gemüse;2024-10-31 10:28:23.800286;yes;;yes;9;yes;Gemüse;no;2024-10-31;3;1kg;1000g;0.38;g;;;;;;no;2024-10-30;no;lidl
Tomaten San Marzano;0.0;pro 1kg |;;;3.79;;Schweiz;;82505;https://sortiment.lidl.ch/de/tomaten-san-marzano-0082505;Gemüse;2024-11-01 09:03:50.881119;yes;;yes;9;yes;Gemüse;no;2024-11-01;3;1kg;1000g;0.38;g;;;;;;no;2024-10-31;no;lidl
Tomaten San Marzano;0.0;pro 1kg |;;;3.79;;Schweiz;;82505;https://sortiment.lidl.ch/de/tomaten-san-marzano-0082505;Gemüse;2024-11-03 17:40:10.068931;yes;;yes;9;yes;Gemüse;no;2024-11-03;3;1kg;1000g;0.38;g;;;;;;no;2024-11-01;no;lidl
Tomaten San Marzano;0.0;pro 1kg |;;;3.79;;Schweiz;;82505;https://sortiment.lidl.ch/de/tomaten-san-marzano-0082505;Gemüse;2024-11-04 17:18:40.294488;yes;;yes;9;yes;Gemüse;no;2024-11-04;3;1kg;1000g;0.38;g;;;;;;no;2024-11-03;no;lidl
Spitzpeperoni gelb 500g;1.0;pro 500g | 1Kg = 3.18 CHF;;;1.59;;variabel;;82541;https://sortiment.lidl.ch/de/spitzpeperoni-gelb-500g-0082541;Gemüse;2024-10-27 23:06:55.411551;no;;no;9;yes;Gemüse;no;2024-10-27;3;500g;500g;0.32;g;;;;;;no;;;lidl
Spitzpeperoni gelb 500g;1.0;pro 500g | 1Kg = 3.18 CHF;;;1.59;;variabel;;82541;https://sortiment.lidl.ch/de/spitzpeperoni-gelb-500g-0082541;Gemüse;2024-10-28 18:00:51.015288;no;;no;9;yes;Gemüse;no;2024-10-28;3;500g;500g;0.32;g;;;;;;no;2024-10-27;no;lidl
Spitzpeperoni gelb 500g;1.0;pro 500g | 1Kg = 3.18 CHF;;;1.59;;variabel;;82541;https://sortiment.lidl.ch/de/spitzpeperoni-gelb-500g-0082541;Gemüse;2024-10-29 19:54:18.207193;no;;no;9;yes;Gemüse;no;2024-10-29;3;500g;500g;0.32;g;;;;;;no;2024-10-28;no;lidl
Spitzpeperoni gelb 500g;1.0;pro 500g | 1Kg = 3.18 CHF;;;1.59;;variabel;;82541;https://sortiment.lidl.ch/de/spitzpeperoni-gelb-500g-0082541;Gemüse;2024-10-30 20:51:01.157397;no;;no;9;yes;Gemüse;no;2024-10-30;3;500g;500g;0.32;g;;;;;;no;2024-10-29;no;lidl
Spitzpeperoni gelb 500g;1.0;pro 500g | 1Kg = 3.18 CHF;;;1.59;;variabel;;82541;https://sortiment.lidl.ch/de/spitzpeperoni-gelb-500g-0082541;Gemüse;2024-10-31 10:28:23.800286;no;;no;9;yes;Gemüse;no;2024-10-31;3;500g;500g;0.32;g;;;;;;no;2024-10-30;no;lidl
Spitzpeperoni gelb 500g;1.0;pro 500g | 1Kg = 3.18 CHF;;;1.59;;variabel;;82541;https://sortiment.lidl.ch/de/spitzpeperoni-gelb-500g-0082541;Gemüse;2024-11-01 09:03:50.881119;no;;no;9;yes;Gemüse;no;2024-11-01;3;500g;500g;0.32;g;;;;;;no;2024-10-31;no;lidl
Spitzpeperoni gelb 500g;1.0;pro 500g | 1Kg = 3.18 CHF;;;1.59;;variabel;;82541;https://sortiment.lidl.ch/de/spitzpeperoni-gelb-500g-0082541;Gemüse;2024-11-03 17:40:10.068931;no;;no;9;yes;Gemüse;no;2024-11-03;3;500g;500g;0.32;g;;;;;;no;2024-11-01;no;lidl
Spitzpeperoni gelb 500g;1.0;pro 500g | 1Kg = 3.18 CHF;;;1.59;;variabel;;82541;https://sortiment.lidl.ch/de/spitzpeperoni-gelb-500g-0082541;Gemüse;2024-11-04 17:18:40.294488;no;;no;9;yes;Gemüse;no;2024-11-04;3;500g;500g;0.32;g;;;;;;no;2024-11-03;no;lidl
Spitzpaprika hellgrün 400g;0.0;pro 400g | 100g = 0.45 CHF;;;1.79;;Marokko;;82569;https://sortiment.lidl.ch/de/spitzpaprika-hellgruen-400g-0082569;Gemüse;2024-10-27 23:06:55.411551;no;;no;9;yes;Gemüse;no;2024-10-27;3;400g;400g;0.45;g;;;;;;no;;;lidl
Spitzpaprika hellgrün 400g;0.0;pro 400g | 100g = 0.45 CHF;;;1.79;;Marokko;;82569;https://sortiment.lidl.ch/de/spitzpaprika-hellgruen-400g-0082569;Gemüse;2024-10-28 18:00:51.015288;no;;no;9;yes;Gemüse;no;2024-10-28;3;400g;400g;0.45;g;;;;;;no;2024-10-27;no;lidl
Spitzpeperoni hellgrün 400g;0.0;pro 400g | 100g = 0.45 CHF;;;1.79;;Marokko;;82569;https://sortiment.lidl.ch/de/spitzpeperoni-hellgruen-400g-0082569;Gemüse;2024-10-29 19:54:18.207193;no;;no;9;yes;Gemüse;no;2024-10-29;3;400g;400g;0.45;g;;;;;;no;2024-10-28;no;lidl
Spitzpeperoni hellgrün 400g;0.0;pro 400g | 100g = 0.45 CHF;;;1.79;;Marokko;;82569;https://sortiment.lidl.ch/de/spitzpeperoni-hellgruen-400g-0082569;Gemüse;2024-10-30 20:51:01.157397;no;;no;9;yes;Gemüse;no;2024-10-30;3;400g;400g;0.45;g;;;;;;no;2024-10-29;no;lidl
Spitzpeperoni hellgrün 400g;0.0;pro 400g | 100g = 0.50 CHF;;;1.99;;Marokko;;82569;https://sortiment.lidl.ch/de/spitzpeperoni-hellgruen-400g-0082569;Gemüse;2024-10-31 10:28:23.800286;no;;no;9;yes;Gemüse;no;2024-10-31;3;400g;400g;0.5;g;;;;;;no;2024-10-30;no;lidl
Spitzpeperoni hellgrün 400g;0.0;pro 400g | 100g = 0.50 CHF;;;1.99;;Marokko;;82569;https://sortiment.lidl.ch/de/spitzpeperoni-hellgruen-400g-0082569;Gemüse;2024-11-01 09:03:50.881119;no;;no;9;yes;Gemüse;no;2024-11-01;3;400g;400g;0.5;g;;;;;;no;2024-10-31;no;lidl
Spitzpeperoni hellgrün 400g;0.0;pro 400g | 100g = 0.50 CHF;;;1.99;;Marokko;;82569;https://sortiment.lidl.ch/de/spitzpeperoni-hellgruen-400g-0082569;Gemüse;2024-11-03 17:40:10.068931;no;;no;9;yes;Gemüse;no;2024-11-03;3;400g;400g;0.5;g;;;;;;no;2024-11-01;no;lidl
Spitzpeperoni hellgrün 400g;0.0;pro 400g | 100g = 0.50 CHF;;;1.99;;Marokko;;82569;https://sortiment.lidl.ch/de/spitzpeperoni-hellgruen-400g-0082569;Gemüse;2024-11-04 17:18:40.294488;no;;no;9;yes;Gemüse;no;2024-11-04;3;400g;400g;0.5;g;;;;;;no;2024-11-03;no;lidl
Paprika hellgrün spitz, scharf;0.0;pro 400g |;;;1.99;;Marokko;;82577;https://sortiment.lidl.ch/de/paprika-hellgruen-spitz-scharf-0082577;Gemüse;2024-10-27 23:06:55.411551;no;;no;9;yes;Gemüse;no;2024-10-27;4;400g;400g;0.5;g;;;;;;no;;;lidl
Paprika hellgrün spitz, scharf;0.0;pro 400g |;;;1.99;;Marokko;;82577;https://sortiment.lidl.ch/de/paprika-hellgruen-spitz-scharf-0082577;Gemüse;2024-10-28 18:00:51.015288;no;;no;9;yes;Gemüse;no;2024-10-28;4;400g;400g;0.5;g;;;;;;no;2024-10-27;no;lidl
Spitzpaprika grün spitz, scharf 400g;0.0;pro 400g |;;;1.99;;Marokko;;82577;https://sortiment.lidl.ch/de/spitzpaprika-gruen-spitz-scharf-400g-0082577;Gemüse;2024-10-29 19:54:18.207193;no;;no;9;yes;Gemüse;no;2024-10-29;5;400g;400g;0.5;g;;;;;;no;2024-10-28;no;lidl
Spitzpaprika grün spitz, scharf 400g;0.0;pro 400g |;;;1.99;;Marokko;;82577;https://sortiment.lidl.ch/de/spitzpaprika-gruen-spitz-scharf-400g-0082577;Gemüse;2024-10-30 20:51:01.157397;no;;no;9;yes;Gemüse;no;2024-10-30;5;400g;400g;0.5;g;;;;;;no;2024-10-29;no;lidl
Spitzpaprika grün spitz, scharf 400g;0.0;pro 400g |;;;1.99;;Marokko;;82577;https://sortiment.lidl.ch/de/spitzpaprika-gruen-spitz-scharf-400g-0082577;Gemüse;2024-10-31 10:28:23.800286;no;;no;9;yes;Gemüse;no;2024-10-31;5;400g;400g;0.5;g;;;;;;no;2024-10-30;no;lidl
Spitzpaprika grün spitz, scharf 400g;0.0;pro 400g |;;;1.99;;Marokko;;82577;https://sortiment.lidl.ch/de/spitzpaprika-gruen-spitz-scharf-400g-0082577;Gemüse;2024-11-01 09:03:50.881119;no;;no;9;yes;Gemüse;no;2024-11-01;5;400g;400g;0.5;g;;;;;;no;2024-10-31;no;lidl
Spitzpaprika grün spitz, scharf 400g;0.0;pro 400g |;;;1.99;;Marokko;;82577;https://sortiment.lidl.ch/de/spitzpaprika-gruen-spitz-scharf-400g-0082577;Gemüse;2024-11-03 17:40:10.068931;no;;no;9;yes;Gemüse;no;2024-11-03;5;400g;400g;0.5;g;;;;;;no;2024-11-01;no;lidl
Spitzpaprika grün spitz, scharf 400g;0.0;pro 400g |;;;1.99;;Marokko;;82577;https://sortiment.lidl.ch/de/spitzpaprika-gruen-spitz-scharf-400g-0082577;Gemüse;2024-11-04 17:18:40.294488;no;;no;9;yes;Gemüse;no;2024-11-04;5;400g;400g;0.5;g;;;;;;no;2024-11-03;no;lidl
Peperoni Mix 500g;78.0;pro 500g | 1Kg = 2.00 CHF;1.29;-22%;1.0;25.10. - 27.10.;variabel;;82586;https://sortiment.lidl.ch/de/peperoni-mix-500g-0082586;Gemüse;2024-10-27 23:06:55.411551;no;0.22;no;0;no;Gemüse;no;2024-10-27;3;500g;500g;0.2;g;2024-10-25;2024-10-27;Friday;Sunday;2 days;yes;;;lidl
Peperoni Mix 500g;78.0;pro 500g | 1Kg = 2.58 CHF;;;1.29;;variabel;;82586;https://sortiment.lidl.ch/de/peperoni-mix-500g-0082586;Gemüse;2024-10-28 18:00:51.015288;no;;no;9;yes;Gemüse;no;2024-10-28;3;500g;500g;0.26;g;;;;;;no;2024-10-27;no;lidl
Peperoni Mix 500g;78.0;pro 500g | 1Kg = 2.58 CHF;;;1.29;;variabel;;82586;https://sortiment.lidl.ch/de/peperoni-mix-500g-0082586;Gemüse;2024-10-29 19:54:18.207193;no;;no;9;yes;Gemüse;no;2024-10-29;3;500g;500g;0.26;g;;;;;;no;2024-10-28;no;lidl
Peperoni Mix 500g;78.0;pro 500g | 1Kg = 2.58 CHF;;;1.29;;variabel;;82586;https://sortiment.lidl.ch/de/peperoni-mix-500g-0082586;Gemüse;2024-10-30 20:51:01.157397;no;;no;9;yes;Gemüse;no;2024-10-30;3;500g;500g;0.26;g;;;;;;no;2024-10-29;no;lidl
Peperoni Mix 500g;78.0;pro 500g | 1Kg = 2.58 CHF;;;1.29;;variabel;;82586;https://sortiment.lidl.ch/de/peperoni-mix-500g-0082586;Gemüse;2024-10-31 10:28:23.800286;no;;no;9;yes;Gemüse;no;2024-10-31;3;500g;500g;0.26;g;;;;;;no;2024-10-30;no;lidl
Peperoni Mix 500g;78.0;pro 500g | 1Kg = 2.58 CHF;;;1.29;;variabel;;82586;https://sortiment.lidl.ch/de/peperoni-mix-500g-0082586;Gemüse;2024-11-01 09:03:50.881119;no;;no;9;yes;Gemüse;no;2024-11-01;3;500g;500g;0.26;g;;;;;;no;2024-10-31;no;lidl
Peperoni Mix 500g;78.0;pro 500g | 1Kg = 2.58 CHF;;;1.29;;variabel;;82586;https://sortiment.lidl.ch/de/peperoni-mix-500g-0082586;Gemüse;2024-11-03 17:40:10.068931;no;;no;9;yes;Gemüse;no;2024-11-03;3;500g;500g;0.26;g;;;;;;no;2024-11-01;no;lidl
Peperoni Mix 500g;78.0;pro 500g | 1Kg = 2.58 CHF;;;1.29;;variabel;;82586;https://sortiment.lidl.ch/de/peperoni-mix-500g-0082586;Gemüse;2024-11-04 17:18:40.294488;no;;no;9;yes;Gemüse;no;2024-11-04;3;500g;500g;0.26;g;;;;;;no;2024-11-03;no;lidl
Peperoni rot;2.0;pro 1kg |;;;2.79;;variabel;;82615;https://sortiment.lidl.ch/de/peperoni-rot-0082615;Gemüse;2024-10-27 23:06:55.411551;no;;yes;9;yes;Gemüse;no;2024-10-27;2;1kg;1000g;0.28;g;;;;;;no;;;lidl
Peperoni rot;2.0;pro 1kg |;;;2.79;;variabel;;82615;https://sortiment.lidl.ch/de/peperoni-rot-0082615;Gemüse;2024-10-28 18:00:51.015288;no;;yes;9;yes;Gemüse;no;2024-10-28;2;1kg;1000g;0.28;g;;;;;;no;2024-10-27;no;lidl
Peperoni rot;2.0;pro 1kg |;;;2.79;;variabel;;82615;https://sortiment.lidl.ch/de/peperoni-rot-0082615;Gemüse;2024-10-29 19:54:18.207193;no;;yes;9;yes;Gemüse;no;2024-10-29;2;1kg;1000g;0.28;g;;;;;;no;2024-10-28;no;lidl
Peperoni rot;2.0;pro 1kg |;;;2.79;;variabel;;82615;https://sortiment.lidl.ch/de/peperoni-rot-0082615;Gemüse;2024-10-30 20:51:01.157397;no;;yes;9;yes;Gemüse;no;2024-10-30;2;1kg;1000g;0.28;g;;;;;;no;2024-10-29;no;lidl
Peperoni rot;2.0;pro 1kg |;;;2.79;;variabel;;82615;https://sortiment.lidl.ch/de/peperoni-rot-0082615;Gemüse;2024-10-31 10:28:23.800286;no;;yes;9;yes;Gemüse;no;2024-10-31;2;1kg;1000g;0.28;g;;;;;;no;2024-10-30;no;lidl
Peperoni rot;2.0;pro 1kg |;;;2.79;;variabel;;82615;https://sortiment.lidl.ch/de/peperoni-rot-0082615;Gemüse;2024-11-01 09:03:50.881119;no;;yes;9;yes;Gemüse;no;2024-11-01;2;1kg;1000g;0.28;g;;;;;;no;2024-10-31;no;lidl
Peperoni rot;2.0;pro 1kg |;;;2.79;;variabel;;82615;https://sortiment.lidl.ch/de/peperoni-rot-0082615;Gemüse;2024-11-03 17:40:10.068931;no;;yes;9;yes;Gemüse;no;2024-11-03;2;1kg;1000g;0.28;g;;;;;;no;2024-11-01;no;lidl
Peperoni rot;2.0;pro 1kg |;;;2.79;;variabel;;82615;https://sortiment.lidl.ch/de/peperoni-rot-0082615;Gemüse;2024-11-04 17:18:40.294488;no;;yes;9;yes;Gemüse;no;2024-11-04;2;1kg;1000g;0.28;g;;;;;;no;2024-11-03;no;lidl
Spitzpeperoni rot 500g;11.0;pro 500g | 1Kg = 1.98 CHF;1.59;-37%;0.99;24.10. - 30.10.;variabel;;82637;https://sortiment.lidl.ch/de/spitzpeperoni-rot-500g-0082637;Gemüse;2024-10-27 23:06:55.411551;no;0.38;no;9;yes;Gemüse;no;2024-10-27;3;500g;500g;0.2;g;2024-10-24;2024-10-30;Thursday;Wednesday;6 days;yes;;;lidl
Spitzpeperoni rot 500g;11.0;pro 500g | 1Kg = 1.98 CHF;1.59;-37%;0.99;24.10. - 30.10.;variabel;;82637;https://sortiment.lidl.ch/de/spitzpeperoni-rot-500g-0082637;Gemüse;2024-10-28 18:00:51.015288;no;0.38;no;9;yes;Gemüse;no;2024-10-28;3;500g;500g;0.2;g;2024-10-24;2024-10-30;Thursday;Wednesday;6 days;yes;2024-10-27;no;lidl
Spitzpeperoni rot 500g;11.0;pro 500g | 1Kg = 1.98 CHF;1.59;-37%;0.99;24.10. - 30.10.;variabel;;82637;https://sortiment.lidl.ch/de/spitzpeperoni-rot-500g-0082637;Gemüse;2024-10-29 19:54:18.207193;no;0.38;no;9;yes;Gemüse;no;2024-10-29;3;500g;500g;0.2;g;2024-10-24;2024-10-30;Thursday;Wednesday;6 days;yes;2024-10-28;no;lidl
Spitzpeperoni rot 500g;11.0;pro 500g | 1Kg = 1.98 CHF;1.59;-37%;0.99;24.10. - 30.10.;variabel;;82637;https://sortiment.lidl.ch/de/spitzpeperoni-rot-500g-0082637;Gemüse;2024-10-30 20:51:01.157397;no;0.38;no;9;yes;Gemüse;no;2024-10-30;3;500g;500g;0.2;g;2024-10-24;2024-10-30;Thursday;Wednesday;6 days;yes;2024-10-29;no;lidl
Spitzpeperoni rot 500g;11.0;pro 500g | 1Kg = 3.18 CHF;;;1.59;;variabel;;82637;https://sortiment.lidl.ch/de/spitzpeperoni-rot-500g-0082637;Gemüse;2024-10-31 10:28:23.800286;no;;no;9;yes;Gemüse;no;2024-10-31;3;500g;500g;0.32;g;;;;;;no;2024-10-30;no;lidl
Spitzpeperoni rot 500g;11.0;pro 500g | 1Kg = 3.18 CHF;;;1.59;;variabel;;82637;https://sortiment.lidl.ch/de/spitzpeperoni-rot-500g-0082637;Gemüse;2024-11-01 09:03:50.881119;no;;no;9;yes;Gemüse;no;2024-11-01;3;500g;500g;0.32;g;;;;;;no;2024-10-31;no;lidl
Spitzpeperoni rot 500g;11.0;pro 500g | 1Kg = 3.18 CHF;;;1.59;;variabel;;82637;https://sortiment.lidl.ch/de/spitzpeperoni-rot-500g-0082637;Gemüse;2024-11-03 17:40:10.068931;no;;no;9;yes;Gemüse;no;2024-11-03;3;500g;500g;0.32;g;;;;;;no;2024-11-01;no;lidl
Spitzpeperoni rot 500g;11.0;pro 500g | 1Kg = 3.18 CHF;;;1.59;;variabel;;82637;https://sortiment.lidl.ch/de/spitzpeperoni-rot-500g-0082637;Gemüse;2024-11-04 17:18:40.294488;no;;no;9;yes;Gemüse;no;2024-11-04;3;500g;500g;0.32;g;;;;;;no;2024-11-03;no;lidl
Peperoncini Mix 100g;11.0;pro 100g |;;;0.85;;variabel;;82660;https://sortiment.lidl.ch/de/peperoncini-mix-100g-0082660;Gemüse;2024-10-27 23:06:55.411551;no;;no;5;no;Gemüse;no;2024-10-27;3;100g;100g;0.85;g;;;;;;no;;;lidl
Peperoncini Mix 100g;11.0;pro 100g |;;;0.85;;variabel;;82660;https://sortiment.lidl.ch/de/peperoncini-mix-100g-0082660;Gemüse;2024-10-28 18:00:51.015288;no;;no;5;no;Gemüse;no;2024-10-28;3;100g;100g;0.85;g;;;;;;no;2024-10-27;no;lidl
Peperoncini Mix 100g;11.0;pro 100g |;;;0.85;;variabel;;82660;https://sortiment.lidl.ch/de/peperoncini-mix-100g-0082660;Gemüse;2024-10-29 19:54:18.207193;no;;no;5;no;Gemüse;no;2024-10-29;3;100g;100g;0.85;g;;;;;;no;2024-10-28;no;lidl
Peperoncini Mix 100g;11.0;pro 100g |;;;0.85;;variabel;;82660;https://sortiment.lidl.ch/de/peperoncini-mix-100g-0082660;Gemüse;2024-10-30 20:51:01.157397;no;;no;5;no;Gemüse;no;2024-10-30;3;100g;100g;0.85;g;;;;;;no;2024-10-29;no;lidl
Peperoncini Mix 100g;11.0;pro 100g |;;;0.85;;variabel;;82660;https://sortiment.lidl.ch/de/peperoncini-mix-100g-0082660;Gemüse;2024-10-31 10:28:23.800286;no;;no;5;no;Gemüse;no;2024-10-31;3;100g;100g;0.85;g;;;;;;no;2024-10-30;no;lidl
Peperoncini Mix 100g;11.0;pro 100g |;;;0.85;;variabel;;82660;https://sortiment.lidl.ch/de/peperoncini-mix-100g-0082660;Gemüse;2024-11-01 09:03:50.881119;no;;no;5;no;Gemüse;no;2024-11-01;3;100g;100g;0.85;g;;;;;;no;2024-10-31;no;lidl
Peperoncini Mix 100g;11.0;pro 100g |;;;0.85;;variabel;;82660;https://sortiment.lidl.ch/de/peperoncini-mix-100g-0082660;Gemüse;2024-11-03 17:40:10.068931;no;;no;5;no;Gemüse;no;2024-11-03;3;100g;100g;0.85;g;;;;;;no;2024-11-01;no;lidl
Peperoncini Mix 100g;11.0;pro 100g |;;;0.85;;variabel;;82660;https://sortiment.lidl.ch/de/peperoncini-mix-100g-0082660;Gemüse;2024-11-04 17:18:40.294488;no;;no;5;no;Gemüse;no;2024-11-04;3;100g;100g;0.85;g;;;;;;no;2024-11-03;no;lidl
Mini Paprika Mix;2.0;pro 200g | 100g = 0.50 CHF;;;0.99;;Spanien;;82670;https://sortiment.lidl.ch/de/mini-paprika-mix-0082670;Gemüse;2024-10-27 23:06:55.411551;no;;no;9;yes;Gemüse;no;2024-10-27;3;200g;200g;0.49;g;;;;;;no;;;lidl
Mini Paprika Mix;2.0;pro 200g | 100g = 0.50 CHF;;;0.99;;Spanien;;82670;https://sortiment.lidl.ch/de/mini-paprika-mix-0082670;Gemüse;2024-10-28 18:00:51.015288;no;;no;9;yes;Gemüse;no;2024-10-28;3;200g;200g;0.49;g;;;;;;no;2024-10-27;no;lidl
Mini Paprika Mix;2.0;pro 200g | 100g = 0.50 CHF;;;0.99;;Spanien;;82670;https://sortiment.lidl.ch/de/mini-paprika-mix-0082670;Gemüse;2024-10-29 19:54:18.207193;no;;no;9;yes;Gemüse;no;2024-10-29;3;200g;200g;0.49;g;;;;;;no;2024-10-28;no;lidl
Mini Paprika Mix;2.0;pro 200g | 100g = 0.50 CHF;;;0.99;;Spanien;;82670;https://sortiment.lidl.ch/de/mini-paprika-mix-0082670;Gemüse;2024-10-30 20:51:01.157397;no;;no;9;yes;Gemüse;no;2024-10-30;3;200g;200g;0.49;g;;;;;;no;2024-10-29;no;lidl
Mini Paprika Mix;2.0;pro 200g | 100g = 0.50 CHF;;;0.99;;Spanien;;82670;https://sortiment.lidl.ch/de/mini-paprika-mix-0082670;Gemüse;2024-10-31 10:28:23.800286;no;;no;9;yes;Gemüse;no;2024-10-31;3;200g;200g;0.49;g;;;;;;no;2024-10-30;no;lidl
Mini Paprika Mix;2.0;pro 200g | 100g = 0.50 CHF;;;0.99;;Spanien;;82670;https://sortiment.lidl.ch/de/mini-paprika-mix-0082670;Gemüse;2024-11-01 09:03:50.881119;no;;no;9;yes;Gemüse;no;2024-11-01;3;200g;200g;0.49;g;;;;;;no;2024-10-31;no;lidl
Mini Paprika Mix;2.0;pro 200g | 100g = 0.50 CHF;;;0.99;;Spanien;;82670;https://sortiment.lidl.ch/de/mini-paprika-mix-0082670;Gemüse;2024-11-03 17:40:10.068931;no;;no;9;yes;Gemüse;no;2024-11-03;3;200g;200g;0.49;g;;;;;;no;2024-11-01;no;lidl
Mini Paprika Mix;2.0;pro 200g | 100g = 0.50 CHF;;;0.99;;Spanien;;82670;https://sortiment.lidl.ch/de/mini-paprika-mix-0082670;Gemüse;2024-11-04 17:18:40.294488;no;;no;9;yes;Gemüse;no;2024-11-04;3;200g;200g;0.49;g;;;;;;no;2024-11-03;no;lidl
Fenchel;19.0;pro 1kg |;;;3.39;;Schweiz;;82690;https://sortiment.lidl.ch/de/fenchel-0082690;Gemüse;2024-10-27 23:06:55.411551;yes;;yes;9;yes;Gemüse;no;2024-10-27;1;1kg;1000g;0.34;g;;;;;;no;;;lidl
Fenchel;19.0;pro 1kg |;;;3.39;;Schweiz;;82690;https://sortiment.lidl.ch/de/fenchel-0082690;Gemüse;2024-10-28 18:00:51.015288;yes;;yes;9;yes;Gemüse;no;2024-10-28;1;1kg;1000g;0.34;g;;;;;;no;2024-10-27;no;lidl
Fenchel;19.0;pro 1kg |;;;3.39;;Schweiz;;82690;https://sortiment.lidl.ch/de/fenchel-0082690;Gemüse;2024-10-29 19:54:18.207193;yes;;yes;9;yes;Gemüse;no;2024-10-29;1;1kg;1000g;0.34;g;;;;;;no;2024-10-28;no;lidl
Fenchel;19.0;pro 1kg |;;;3.39;;Schweiz;;82690;https://sortiment.lidl.ch/de/fenchel-0082690;Gemüse;2024-10-30 20:51:01.157397;yes;;yes;9;yes;Gemüse;no;2024-10-30;1;1kg;1000g;0.34;g;;;;;;no;2024-10-29;no;lidl
Fenchel;19.0;pro 1kg |;;;3.39;;Schweiz;;82690;https://sortiment.lidl.ch/de/fenchel-0082690;Gemüse;2024-10-31 10:28:23.800286;yes;;yes;9;yes;Gemüse;no;2024-10-31;1;1kg;1000g;0.34;g;;;;;;no;2024-10-30;no;lidl
Fenchel;19.0;pro 1kg |;;;3.39;;Schweiz;;82690;https://sortiment.lidl.ch/de/fenchel-0082690;Gemüse;2024-11-01 09:03:50.881119;yes;;yes;9;yes;Gemüse;no;2024-11-01;1;1kg;1000g;0.34;g;;;;;;no;2024-10-31;no;lidl
Fenchel;19.0;pro 1kg |;;;3.39;;Schweiz;;82690;https://sortiment.lidl.ch/de/fenchel-0082690;Gemüse;2024-11-03 17:40:10.068931;yes;;yes;9;yes;Gemüse;no;2024-11-03;1;1kg;1000g;0.34;g;;;;;;no;2024-11-01;no;lidl
Fenchel;19.0;pro 1kg |;;;3.39;;Schweiz;;82690;https://sortiment.lidl.ch/de/fenchel-0082690;Gemüse;2024-11-04 17:18:40.294488;yes;;yes;9;yes;Gemüse;no;2024-11-04;1;1kg;1000g;0.34;g;;;;;;no;2024-11-03;no;lidl
Kürbis Halloween;0.0;pro Stück |;;;4.99;;Deutschland;;82696;https://sortiment.lidl.ch/de/kuerbis-halloween-0082696;Gemüse;2024-10-27 23:06:55.411551;no;;yes;9;yes;Gemüse;no;2024-10-27;2;Stück;1 Stück;4.99;Stück;;;;;;no;;;lidl
Kürbis Halloween;0.0;pro Stück |;;;4.99;;Deutschland;;82696;https://sortiment.lidl.ch/de/kuerbis-halloween-0082696;Gemüse;2024-10-28 18:00:51.015288;no;;yes;9;yes;Gemüse;no;2024-10-28;2;Stück;1 Stück;4.99;Stück;;;;;;no;2024-10-27;no;lidl
Kürbis Halloween;0.0;pro Stück |;;;4.99;;Deutschland;;82696;https://sortiment.lidl.ch/de/kuerbis-halloween-0082696;Gemüse;2024-10-29 19:54:18.207193;no;;yes;9;yes;Gemüse;no;2024-10-29;2;Stück;1 Stück;4.99;Stück;;;;;;no;2024-10-28;no;lidl
Kürbis Halloween;0.0;pro Stück |;;;4.99;;Deutschland;;82696;https://sortiment.lidl.ch/de/kuerbis-halloween-0082696;Gemüse;2024-10-30 20:51:01.157397;no;;yes;9;yes;Gemüse;no;2024-10-30;2;Stück;1 Stück;4.99;Stück;;;;;;no;2024-10-29;no;lidl
Kürbis Halloween;0.0;pro Stück |;;;4.99;;Deutschland;;82696;https://sortiment.lidl.ch/de/kuerbis-halloween-0082696;Gemüse;2024-10-31 10:28:23.800286;no;;yes;9;yes;Gemüse;no;2024-10-31;2;Stück;1 Stück;4.99;Stück;;;;;;no;2024-10-30;no;lidl
Kürbis Halloween;0.0;pro Stück |;;;4.99;;Deutschland;;82696;https://sortiment.lidl.ch/de/kuerbis-halloween-0082696;Gemüse;2024-11-01 09:03:50.881119;no;;yes;9;yes;Gemüse;no;2024-11-01;2;Stück;1 Stück;4.99;Stück;;;;;;no;2024-10-31;no;lidl
Kürbis Halloween;0.0;pro Stück |;;;4.99;;Deutschland;;82696;https://sortiment.lidl.ch/de/kuerbis-halloween-0082696;Gemüse;2024-11-03 17:40:10.068931;no;;yes;9;yes;Gemüse;no;2024-11-03;2;Stück;1 Stück;4.99;Stück;;;;;;no;2024-11-01;no;lidl
Kürbis Halloween;0.0;pro Stück |;;;4.99;;Deutschland;;82696;https://sortiment.lidl.ch/de/kuerbis-halloween-0082696;Gemüse;2024-11-04 17:18:40.294488;no;;yes;9;yes;Gemüse;no;2024-11-04;2;Stück;1 Stück;4.99;Stück;;;;;;no;2024-11-03;no;lidl
Ingwer;18.0;pro 1kg |;;;4.99;;variabel;;82700;https://sortiment.lidl.ch/de/ingwer-0082700;Obst;2024-10-27 23:06:55.411551;no;;yes;9;yes;Obst;no;2024-10-27;1;1kg;1000g;0.5;g;;;;;;no;;;lidl
Ingwer;18.0;pro 1kg |;;;4.99;;variabel;;82700;https://sortiment.lidl.ch/de/ingwer-0082700;Obst;2024-10-28 18:00:51.015288;no;;yes;9;yes;Obst;no;2024-10-28;1;1kg;1000g;0.5;g;;;;;;no;2024-10-27;no;lidl
Ingwer;18.0;pro 1kg |;;;4.99;;variabel;;82700;https://sortiment.lidl.ch/de/ingwer-0082700;Obst;2024-10-29 19:54:18.207193;no;;yes;9;yes;Obst;no;2024-10-29;1;1kg;1000g;0.5;g;;;;;;no;2024-10-28;no;lidl
Ingwer;18.0;pro 1kg |;;;4.99;;variabel;;82700;https://sortiment.lidl.ch/de/ingwer-0082700;Obst;2024-10-30 20:51:01.157397;no;;yes;9;yes;Obst;no;2024-10-30;1;1kg;1000g;0.5;g;;;;;;no;2024-10-29;no;lidl
Ingwer;18.0;pro 1kg |;;;4.99;;variabel;;82700;https://sortiment.lidl.ch/de/ingwer-0082700;Obst;2024-10-31 10:28:23.800286;no;;yes;9;yes;Obst;no;2024-10-31;1;1kg;1000g;0.5;g;;;;;;no;2024-10-30;no;lidl
Ingwer;18.0;pro 1kg |;;;4.99;;variabel;;82700;https://sortiment.lidl.ch/de/ingwer-0082700;Obst;2024-11-01 09:03:50.881119;no;;yes;9;yes;Obst;no;2024-11-01;1;1kg;1000g;0.5;g;;;;;;no;2024-10-31;no;lidl
Ingwer;18.0;pro 1kg |;;;4.99;;variabel;;82700;https://sortiment.lidl.ch/de/ingwer-0082700;Obst;2024-11-03 17:40:10.068931;no;;yes;9;yes;Obst;no;2024-11-03;1;1kg;1000g;0.5;g;;;;;;no;2024-11-01;no;lidl
Ingwer;18.0;pro 1kg |;;;4.99;;variabel;;82700;https://sortiment.lidl.ch/de/ingwer-0082700;Obst;2024-11-04 17:18:40.294488;no;;yes;9;yes;Obst;no;2024-11-04;1;1kg;1000g;0.5;g;;;;;;no;2024-11-03;no;lidl
Knoblauch;18.0;pro Stück |;;;0.45;;Spanien;;82706;https://sortiment.lidl.ch/de/knoblauch-0082706;Gemüse;2024-10-27 23:06:55.411551;no;;no;5;no;Gemüse;no;2024-10-27;1;Stück;1 Stück;0.45;Stück;;;;;;no;;;lidl
Knoblauch;18.0;pro Stück |;;;0.45;;Spanien;;82706;https://sortiment.lidl.ch/de/knoblauch-0082706;Gemüse;2024-10-28 18:00:51.015288;no;;no;5;no;Gemüse;no;2024-10-28;1;Stück;1 Stück;0.45;Stück;;;;;;no;2024-10-27;no;lidl
Knoblauch;18.0;pro Stück |;;;0.45;;Spanien;;82706;https://sortiment.lidl.ch/de/knoblauch-0082706;Gemüse;2024-10-29 19:54:18.207193;no;;no;5;no;Gemüse;no;2024-10-29;1;Stück;1 Stück;0.45;Stück;;;;;;no;2024-10-28;no;lidl
Knoblauch;18.0;pro Stück |;;;0.45;;Spanien;;82706;https://sortiment.lidl.ch/de/knoblauch-0082706;Gemüse;2024-10-30 20:51:01.157397;no;;no;5;no;Gemüse;no;2024-10-30;1;Stück;1 Stück;0.45;Stück;;;;;;no;2024-10-29;no;lidl
Knoblauch;18.0;pro Stück |;;;0.45;;Spanien;;82706;https://sortiment.lidl.ch/de/knoblauch-0082706;Gemüse;2024-10-31 10:28:23.800286;no;;no;5;no;Gemüse;no;2024-10-31;1;Stück;1 Stück;0.45;Stück;;;;;;no;2024-10-30;no;lidl
Knoblauch;18.0;pro Stück |;;;0.45;;Spanien;;82706;https://sortiment.lidl.ch/de/knoblauch-0082706;Gemüse;2024-11-01 09:03:50.881119;no;;no;5;no;Gemüse;no;2024-11-01;1;Stück;1 Stück;0.45;Stück;;;;;;no;2024-10-31;no;lidl
Knoblauch;18.0;pro Stück |;;;0.45;;Spanien;;82706;https://sortiment.lidl.ch/de/knoblauch-0082706;Gemüse;2024-11-03 17:40:10.068931;no;;no;5;no;Gemüse;no;2024-11-03;1;Stück;1 Stück;0.45;Stück;;;;;;no;2024-11-01;no;lidl
Knoblauch;18.0;pro Stück |;;;0.45;;Spanien;;82706;https://sortiment.lidl.ch/de/knoblauch-0082706;Gemüse;2024-11-04 17:18:40.294488;no;;no;5;no;Gemüse;no;2024-11-04;1;Stück;1 Stück;0.45;Stück;;;;;;no;2024-11-03;no;lidl
Knoblauch 200g;0.0;pro 200g | 100g = 0.40 CHF;;;0.79;;Spanien;;82711;https://sortiment.lidl.ch/de/knoblauch-200g-0082711;Gemüse;2024-10-27 23:06:55.411551;no;;no;9;yes;Gemüse;no;2024-10-27;2;200g;200g;0.4;g;;;;;;no;;;lidl
Knoblauch 200g;0.0;pro 200g | 100g = 0.40 CHF;;;0.79;;Spanien;;82711;https://sortiment.lidl.ch/de/knoblauch-200g-0082711;Gemüse;2024-10-28 18:00:51.015288;no;;no;9;yes;Gemüse;no;2024-10-28;2;200g;200g;0.4;g;;;;;;no;2024-10-27;no;lidl
Knoblauch 200g;0.0;pro 200g | 100g = 0.40 CHF;;;0.79;;Spanien;;82711;https://sortiment.lidl.ch/de/knoblauch-200g-0082711;Gemüse;2024-10-29 19:54:18.207193;no;;no;9;yes;Gemüse;no;2024-10-29;2;200g;200g;0.4;g;;;;;;no;2024-10-28;no;lidl
Knoblauch 200g;0.0;pro 200g | 100g = 0.40 CHF;;;0.79;;Spanien;;82711;https://sortiment.lidl.ch/de/knoblauch-200g-0082711;Gemüse;2024-10-30 20:51:01.157397;no;;no;9;yes;Gemüse;no;2024-10-30;2;200g;200g;0.4;g;;;;;;no;2024-10-29;no;lidl
Knoblauch 200g;0.0;pro 200g | 100g = 0.40 CHF;;;0.79;;Spanien;;82711;https://sortiment.lidl.ch/de/knoblauch-200g-0082711;Gemüse;2024-10-31 10:28:23.800286;no;;no;9;yes;Gemüse;no;2024-10-31;2;200g;200g;0.4;g;;;;;;no;2024-10-30;no;lidl
Knoblauch 200g;0.0;pro 200g | 100g = 0.40 CHF;;;0.79;;Spanien;;82711;https://sortiment.lidl.ch/de/knoblauch-200g-0082711;Gemüse;2024-11-01 09:03:50.881119;no;;no;9;yes;Gemüse;no;2024-11-01;2;200g;200g;0.4;g;;;;;;no;2024-10-31;no;lidl
Knoblauch 200g;0.0;pro 200g | 100g = 0.40 CHF;;;0.79;;Spanien;;82711;https://sortiment.lidl.ch/de/knoblauch-200g-0082711;Gemüse;2024-11-03 17:40:10.068931;no;;no;9;yes;Gemüse;no;2024-11-03;2;200g;200g;0.4;g;;;;;;no;2024-11-01;no;lidl
Knoblauch 200g;0.0;pro 200g | 100g = 0.40 CHF;;;0.79;;Spanien;;82711;https://sortiment.lidl.ch/de/knoblauch-200g-0082711;Gemüse;2024-11-04 17:18:40.294488;no;;no;9;yes;Gemüse;no;2024-11-04;2;200g;200g;0.4;g;;;;;;no;2024-11-03;no;lidl
Knollen-Sellerie;0.0;pro 1kg |;;;2.49;;Schweiz;;82720;https://sortiment.lidl.ch/de/knollen-sellerie-0082720;Gemüse;2024-10-27 23:06:55.411551;yes;;yes;9;yes;Gemüse;no;2024-10-27;1;1kg;1000g;0.25;g;;;;;;no;;;lidl
Knollen-Sellerie;0.0;pro 1kg |;;;2.49;;Schweiz;;82720;https://sortiment.lidl.ch/de/knollen-sellerie-0082720;Gemüse;2024-10-28 18:00:51.015288;yes;;yes;9;yes;Gemüse;no;2024-10-28;1;1kg;1000g;0.25;g;;;;;;no;2024-10-27;no;lidl
Knollen-Sellerie;0.0;pro 1kg |;;;2.49;;Schweiz;;82720;https://sortiment.lidl.ch/de/knollen-sellerie-0082720;Gemüse;2024-10-29 19:54:18.207193;yes;;yes;9;yes;Gemüse;no;2024-10-29;1;1kg;1000g;0.25;g;;;;;;no;2024-10-28;no;lidl
Knollen-Sellerie;0.0;pro 1kg |;;;2.49;;Schweiz;;82720;https://sortiment.lidl.ch/de/knollen-sellerie-0082720;Gemüse;2024-10-30 20:51:01.157397;yes;;yes;9;yes;Gemüse;no;2024-10-30;1;1kg;1000g;0.25;g;;;;;;no;2024-10-29;no;lidl
Knollen-Sellerie;0.0;pro 1kg |;;;2.49;;Schweiz;;82720;https://sortiment.lidl.ch/de/knollen-sellerie-0082720;Gemüse;2024-10-31 10:28:23.800286;yes;;yes;9;yes;Gemüse;no;2024-10-31;1;1kg;1000g;0.25;g;;;;;;no;2024-10-30;no;lidl
Knollen-Sellerie;0.0;pro 1kg |;;;2.49;;Schweiz;;82720;https://sortiment.lidl.ch/de/knollen-sellerie-0082720;Gemüse;2024-11-01 09:03:50.881119;yes;;yes;9;yes;Gemüse;no;2024-11-01;1;1kg;1000g;0.25;g;;;;;;no;2024-10-31;no;lidl
Knollen-Sellerie;0.0;pro 1kg |;;;2.49;;Schweiz;;82720;https://sortiment.lidl.ch/de/knollen-sellerie-0082720;Gemüse;2024-11-03 17:40:10.068931;yes;;yes;9;yes;Gemüse;no;2024-11-03;1;1kg;1000g;0.25;g;;;;;;no;2024-11-01;no;lidl
Knollen-Sellerie;0.0;pro 1kg |;;;2.49;;Schweiz;;82720;https://sortiment.lidl.ch/de/knollen-sellerie-0082720;Gemüse;2024-11-04 17:18:40.294488;yes;;yes;9;yes;Gemüse;no;2024-11-04;1;1kg;1000g;0.25;g;;;;;;no;2024-11-03;no;lidl
Kohlrabi;24.0;pro Stück |;;;1.39;;Schweiz;;82735;https://sortiment.lidl.ch/de/kohlrabi-0082735;Gemüse;2024-10-27 23:06:55.411551;yes;;no;9;yes;Gemüse;no;2024-10-27;1;Stück;1 Stück;1.39;Stück;;;;;;no;;;lidl
Kohlrabi;24.0;pro Stück |;;;1.39;;Schweiz;;82735;https://sortiment.lidl.ch/de/kohlrabi-0082735;Gemüse;2024-10-28 18:00:51.015288;yes;;no;9;yes;Gemüse;no;2024-10-28;1;Stück;1 Stück;1.39;Stück;;;;;;no;2024-10-27;no;lidl
Kohlrabi;24.0;pro Stück |;;;1.39;;Schweiz;;82735;https://sortiment.lidl.ch/de/kohlrabi-0082735;Gemüse;2024-10-29 19:54:18.207193;yes;;no;9;yes;Gemüse;no;2024-10-29;1;Stück;1 Stück;1.39;Stück;;;;;;no;2024-10-28;no;lidl
Kohlrabi;24.0;pro Stück |;;;1.39;;Schweiz;;82735;https://sortiment.lidl.ch/de/kohlrabi-0082735;Gemüse;2024-10-30 20:51:01.157397;yes;;no;9;yes;Gemüse;no;2024-10-30;1;Stück;1 Stück;1.39;Stück;;;;;;no;2024-10-29;no;lidl
Kohlrabi;24.0;pro Stück |;;;1.39;;Schweiz;;82735;https://sortiment.lidl.ch/de/kohlrabi-0082735;Gemüse;2024-10-31 10:28:23.800286;yes;;no;9;yes;Gemüse;no;2024-10-31;1;Stück;1 Stück;1.39;Stück;;;;;;no;2024-10-30;no;lidl
Kohlrabi;24.0;pro Stück |;;;1.39;;Schweiz;;82735;https://sortiment.lidl.ch/de/kohlrabi-0082735;Gemüse;2024-11-01 09:03:50.881119;yes;;no;9;yes;Gemüse;no;2024-11-01;1;Stück;1 Stück;1.39;Stück;;;;;;no;2024-10-31;no;lidl
Kohlrabi;24.0;pro Stück |;;;1.39;;Schweiz;;82735;https://sortiment.lidl.ch/de/kohlrabi-0082735;Gemüse;2024-11-03 17:40:10.068931;yes;;no;9;yes;Gemüse;no;2024-11-03;1;Stück;1 Stück;1.39;Stück;;;;;;no;2024-11-01;no;lidl
Kohlrabi;24.0;pro Stück |;;;1.39;;Schweiz;;82735;https://sortiment.lidl.ch/de/kohlrabi-0082735;Gemüse;2024-11-04 17:18:40.294488;yes;;no;9;yes;Gemüse;no;2024-11-04;1;Stück;1 Stück;1.39;Stück;;;;;;no;2024-11-03;no;lidl
Karotten Terra Natura;13.0;pro 1kg |;;;1.69;;Schweiz;;82755;https://sortiment.lidl.ch/de/karotten-terra-natura-0082755;Gemüse;2024-10-27 23:06:55.411551;yes;;no;9;yes;Gemüse;no;2024-10-27;3;1kg;1000g;0.17;g;;;;;;no;;;lidl
Karotten Terra Natura;13.0;pro 1kg |;;;1.69;;Schweiz;;82755;https://sortiment.lidl.ch/de/karotten-terra-natura-0082755;Gemüse;2024-10-28 18:00:51.015288;yes;;no;9;yes;Gemüse;no;2024-10-28;3;1kg;1000g;0.17;g;;;;;;no;2024-10-27;no;lidl
Karotten Terra Natura;13.0;pro 1kg |;;;1.69;;Schweiz;;82755;https://sortiment.lidl.ch/de/karotten-terra-natura-0082755;Gemüse;2024-10-29 19:54:18.207193;yes;;no;9;yes;Gemüse;no;2024-10-29;3;1kg;1000g;0.17;g;;;;;;no;2024-10-28;no;lidl
Karotten Terra Natura;13.0;pro 1kg |;;;1.69;;Schweiz;;82755;https://sortiment.lidl.ch/de/karotten-terra-natura-0082755;Gemüse;2024-10-30 20:51:01.157397;yes;;no;9;yes;Gemüse;no;2024-10-30;3;1kg;1000g;0.17;g;;;;;;no;2024-10-29;no;lidl
Karotten Terra Natura;13.0;pro 1kg |;;;1.69;;Schweiz;;82755;https://sortiment.lidl.ch/de/karotten-terra-natura-0082755;Gemüse;2024-10-31 10:28:23.800286;yes;;no;9;yes;Gemüse;no;2024-10-31;3;1kg;1000g;0.17;g;;;;;;no;2024-10-30;no;lidl
Karotten Terra Natura;13.0;pro 1kg |;;;1.69;;Schweiz;;82755;https://sortiment.lidl.ch/de/karotten-terra-natura-0082755;Gemüse;2024-11-01 09:03:50.881119;yes;;no;9;yes;Gemüse;no;2024-11-01;3;1kg;1000g;0.17;g;;;;;;no;2024-10-31;no;lidl
Karotten Terra Natura;13.0;pro 1kg |;;;1.69;;Schweiz;;82755;https://sortiment.lidl.ch/de/karotten-terra-natura-0082755;Gemüse;2024-11-03 17:40:10.068931;yes;;no;9;yes;Gemüse;no;2024-11-03;3;1kg;1000g;0.17;g;;;;;;no;2024-11-01;no;lidl
Karotten Terra Natura;13.0;pro 1kg |;;;1.69;;Schweiz;;82755;https://sortiment.lidl.ch/de/karotten-terra-natura-0082755;Gemüse;2024-11-04 17:18:40.294488;yes;;no;9;yes;Gemüse;no;2024-11-04;3;1kg;1000g;0.17;g;;;;;;no;2024-11-03;no;lidl
Rüebli 1kg;27.0;pro 1kg |;;;1.69;;Schweiz;Terra Natura;82761;https://sortiment.lidl.ch/de/rueebli-1kg-0082761;Gemüse;2024-10-27 23:06:55.411551;yes;;no;9;yes;Gemüse;no;2024-10-27;2;1kg;1000g;0.17;g;;;;;;no;;;lidl
Rüebli 1kg;27.0;pro 1kg |;;;1.69;;Schweiz;Terra Natura;82761;https://sortiment.lidl.ch/de/rueebli-1kg-0082761;Gemüse;2024-10-28 18:00:51.015288;yes;;no;9;yes;Gemüse;no;2024-10-28;2;1kg;1000g;0.17;g;;;;;;no;2024-10-27;no;lidl
Rüebli 1kg;27.0;pro 1kg |;;;1.69;;Schweiz;Terra Natura;82761;https://sortiment.lidl.ch/de/rueebli-1kg-0082761;Gemüse;2024-10-29 19:54:18.207193;yes;;no;9;yes;Gemüse;no;2024-10-29;2;1kg;1000g;0.17;g;;;;;;no;2024-10-28;no;lidl
Rüebli 1kg;27.0;pro 1kg |;;;1.69;;Schweiz;Terra Natura;82761;https://sortiment.lidl.ch/de/rueebli-1kg-0082761;Gemüse;2024-10-30 20:51:01.157397;yes;;no;9;yes;Gemüse;no;2024-10-30;2;1kg;1000g;0.17;g;;;;;;no;2024-10-29;no;lidl
Rüebli 1kg;27.0;pro 1kg |  |;1.69;-50 Rp.;1.19;31.10. - 6.11.;Schweiz;Terra Natura;82761;https://sortiment.lidl.ch/de/rueebli-1kg-0082761;Gemüse;2024-10-31 10:28:23.800286;yes;0.3;no;9;yes;Gemüse;no;2024-10-31;2;1kg;1000g;0.12;g;2024-10-31;2024-11-06;Thursday;Wednesday;6 days;yes;2024-10-30;no;lidl
Rüebli 1kg;27.0;pro 1kg |  |;1.69;-50 Rp.;1.19;31.10. - 6.11.;Schweiz;Terra Natura;82761;https://sortiment.lidl.ch/de/rueebli-1kg-0082761;Gemüse;2024-11-01 09:03:50.881119;yes;0.3;no;9;yes;Gemüse;no;2024-11-01;2;1kg;1000g;0.12;g;2024-10-31;2024-11-06;Thursday;Wednesday;6 days;yes;2024-10-31;no;lidl
Rüebli 1kg;27.0;pro 1kg |  |;1.69;-50 Rp.;1.19;31.10. - 6.11.;Schweiz;Terra Natura;82761;https://sortiment.lidl.ch/de/rueebli-1kg-0082761;Gemüse;2024-11-03 17:40:10.068931;yes;0.3;no;9;yes;Gemüse;no;2024-11-03;2;1kg;1000g;0.12;g;2024-10-31;2024-11-06;Thursday;Wednesday;6 days;yes;2024-11-01;no;lidl
Rüebli 1kg;27.0;pro 1kg |  |;1.69;-50 Rp.;1.19;31.10. - 6.11.;Schweiz;Terra Natura;82761;https://sortiment.lidl.ch/de/rueebli-1kg-0082761;Gemüse;2024-11-04 17:18:40.294488;yes;0.3;no;9;yes;Gemüse;no;2024-11-04;2;1kg;1000g;0.12;g;2024-10-31;2024-11-06;Thursday;Wednesday;6 days;yes;2024-11-03;no;lidl
Kürbis Butternuss;5.0;pro 1kg |;;;2.95;;Schweiz;;82835;https://sortiment.lidl.ch/de/kuerbis-butternuss-0082835;Gemüse;2024-10-27 23:06:55.411551;yes;;yes;5;no;Gemüse;no;2024-10-27;2;1kg;1000g;0.3;g;;;;;;no;;;lidl
Kürbis Butternuss;5.0;pro 1kg |;;;2.95;;Schweiz;;82835;https://sortiment.lidl.ch/de/kuerbis-butternuss-0082835;Gemüse;2024-10-28 18:00:51.015288;yes;;yes;5;no;Gemüse;no;2024-10-28;2;1kg;1000g;0.3;g;;;;;;no;2024-10-27;no;lidl
Kürbis Butternuss;5.0;pro 1kg |;;;2.95;;Schweiz;;82835;https://sortiment.lidl.ch/de/kuerbis-butternuss-0082835;Gemüse;2024-10-29 19:54:18.207193;yes;;yes;5;no;Gemüse;no;2024-10-29;2;1kg;1000g;0.3;g;;;;;;no;2024-10-28;no;lidl
Kürbis Butternuss;5.0;pro 1kg |;;;2.95;;Schweiz;;82835;https://sortiment.lidl.ch/de/kuerbis-butternuss-0082835;Gemüse;2024-10-30 20:51:01.157397;yes;;yes;5;no;Gemüse;no;2024-10-30;2;1kg;1000g;0.3;g;;;;;;no;2024-10-29;no;lidl
Kürbis Butternuss;5.0;pro 1kg |;;;2.89;;Schweiz;;82835;https://sortiment.lidl.ch/de/kuerbis-butternuss-0082835;Gemüse;2024-10-31 10:28:23.800286;yes;;yes;9;yes;Gemüse;no;2024-10-31;2;1kg;1000g;0.29;g;;;;;;no;2024-10-30;no;lidl
Kürbis Butternuss;5.0;pro 1kg |;;;2.89;;Schweiz;;82835;https://sortiment.lidl.ch/de/kuerbis-butternuss-0082835;Gemüse;2024-11-01 09:03:50.881119;yes;;yes;9;yes;Gemüse;no;2024-11-01;2;1kg;1000g;0.29;g;;;;;;no;2024-10-31;no;lidl
Kürbis Butternuss;5.0;pro 1kg |;;;2.89;;Schweiz;;82835;https://sortiment.lidl.ch/de/kuerbis-butternuss-0082835;Gemüse;2024-11-03 17:40:10.068931;yes;;yes;9;yes;Gemüse;no;2024-11-03;2;1kg;1000g;0.29;g;;;;;;no;2024-11-01;no;lidl
Kürbis Butternuss;5.0;pro 1kg |;;;2.89;;Schweiz;;82835;https://sortiment.lidl.ch/de/kuerbis-butternuss-0082835;Gemüse;2024-11-04 17:18:40.294488;yes;;yes;9;yes;Gemüse;no;2024-11-04;2;1kg;1000g;0.29;g;;;;;;no;2024-11-03;no;lidl
Kürbis Hokkaido;0.0;pro 1kg |;;;2.79;;Schweiz;;82840;https://sortiment.lidl.ch/de/kuerbis-hokkaido-0082840;Gemüse;2024-10-27 23:06:55.411551;yes;;yes;9;yes;Gemüse;no;2024-10-27;2;1kg;1000g;0.28;g;;;;;;no;;;lidl
Kürbis Hokkaido;0.0;pro 1kg |;;;2.79;;Schweiz;;82840;https://sortiment.lidl.ch/de/kuerbis-hokkaido-0082840;Gemüse;2024-10-28 18:00:51.015288;yes;;yes;9;yes;Gemüse;no;2024-10-28;2;1kg;1000g;0.28;g;;;;;;no;2024-10-27;no;lidl
Kürbis Hokkaido;0.0;pro 1kg |;;;2.79;;Schweiz;;82840;https://sortiment.lidl.ch/de/kuerbis-hokkaido-0082840;Gemüse;2024-10-29 19:54:18.207193;yes;;yes;9;yes;Gemüse;no;2024-10-29;2;1kg;1000g;0.28;g;;;;;;no;2024-10-28;no;lidl
Kürbis Hokkaido;0.0;pro 1kg |;;;2.79;;Schweiz;;82840;https://sortiment.lidl.ch/de/kuerbis-hokkaido-0082840;Gemüse;2024-10-30 20:51:01.157397;yes;;yes;9;yes;Gemüse;no;2024-10-30;2;1kg;1000g;0.28;g;;;;;;no;2024-10-29;no;lidl
Kürbis Hokkaido;0.0;pro 1kg |;;;2.89;;Schweiz;;82840;https://sortiment.lidl.ch/de/kuerbis-hokkaido-0082840;Gemüse;2024-10-31 10:28:23.800286;yes;;yes;9;yes;Gemüse;no;2024-10-31;2;1kg;1000g;0.29;g;;;;;;no;2024-10-30;no;lidl
Kürbis Hokkaido;0.0;pro 1kg |;;;2.89;;Schweiz;;82840;https://sortiment.lidl.ch/de/kuerbis-hokkaido-0082840;Gemüse;2024-11-01 09:03:50.881119;yes;;yes;9;yes;Gemüse;no;2024-11-01;2;1kg;1000g;0.29;g;;;;;;no;2024-10-31;no;lidl
Kürbis Hokkaido;0.0;pro 1kg |;;;2.89;;Schweiz;;82840;https://sortiment.lidl.ch/de/kuerbis-hokkaido-0082840;Gemüse;2024-11-03 17:40:10.068931;yes;;yes;9;yes;Gemüse;no;2024-11-03;2;1kg;1000g;0.29;g;;;;;;no;2024-11-01;no;lidl
Kürbis Hokkaido;0.0;pro 1kg |;;;2.89;;Schweiz;;82840;https://sortiment.lidl.ch/de/kuerbis-hokkaido-0082840;Gemüse;2024-11-04 17:18:40.294488;yes;;yes;9;yes;Gemüse;no;2024-11-04;2;1kg;1000g;0.29;g;;;;;;no;2024-11-03;no;lidl
Zuckermais gekocht 400g;2.0;pro 400g | 100g = 0.38 CHF;;;1.49;;Spanien;;82864;https://sortiment.lidl.ch/de/zuckermais-gekocht-400g-0082864;Gemüse;2024-10-27 23:06:55.411551;no;;no;9;yes;Gemüse;no;2024-10-27;3;400g;400g;0.37;g;;;;;;no;;;lidl
Zuckermais gekocht 400g;2.0;pro 400g | 100g = 0.38 CHF;;;1.49;;Spanien;;82864;https://sortiment.lidl.ch/de/zuckermais-gekocht-400g-0082864;Gemüse;2024-10-28 18:00:51.015288;no;;no;9;yes;Gemüse;no;2024-10-28;3;400g;400g;0.37;g;;;;;;no;2024-10-27;no;lidl
Zuckermais gekocht 400g;2.0;pro 400g | 100g = 0.38 CHF;;;1.49;;Spanien;;82864;https://sortiment.lidl.ch/de/zuckermais-gekocht-400g-0082864;Gemüse;2024-10-29 19:54:18.207193;no;;no;9;yes;Gemüse;no;2024-10-29;3;400g;400g;0.37;g;;;;;;no;2024-10-28;no;lidl
Zuckermais gekocht 400g;2.0;pro 400g | 100g = 0.38 CHF;;;1.49;;Spanien;;82864;https://sortiment.lidl.ch/de/zuckermais-gekocht-400g-0082864;Gemüse;2024-10-30 20:51:01.157397;no;;no;9;yes;Gemüse;no;2024-10-30;3;400g;400g;0.37;g;;;;;;no;2024-10-29;no;lidl
Zuckermais gekocht 400g;2.0;pro 400g | 100g = 0.38 CHF;;;1.49;;Spanien;;82864;https://sortiment.lidl.ch/de/zuckermais-gekocht-400g-0082864;Gemüse;2024-10-31 10:28:23.800286;no;;no;9;yes;Gemüse;no;2024-10-31;3;400g;400g;0.37;g;;;;;;no;2024-10-30;no;lidl
Zuckermais gekocht 400g;2.0;pro 400g | 100g = 0.38 CHF;;;1.49;;Spanien;;82864;https://sortiment.lidl.ch/de/zuckermais-gekocht-400g-0082864;Gemüse;2024-11-01 09:03:50.881119;no;;no;9;yes;Gemüse;no;2024-11-01;3;400g;400g;0.37;g;;;;;;no;2024-10-31;no;lidl
Zuckermais gekocht 400g;2.0;pro 400g | 100g = 0.38 CHF;;;1.49;;Spanien;;82864;https://sortiment.lidl.ch/de/zuckermais-gekocht-400g-0082864;Gemüse;2024-11-03 17:40:10.068931;no;;no;9;yes;Gemüse;no;2024-11-03;3;400g;400g;0.37;g;;;;;;no;2024-11-01;no;lidl
Zuckermais gekocht 400g;2.0;pro 400g | 100g = 0.38 CHF;;;1.49;;Spanien;;82864;https://sortiment.lidl.ch/de/zuckermais-gekocht-400g-0082864;Gemüse;2024-11-04 17:18:40.294488;no;;no;9;yes;Gemüse;no;2024-11-04;3;400g;400g;0.37;g;;;;;;no;2024-11-03;no;lidl
Blumenkohl;2.0;pro kg |;;;3.99;;Schweiz;;82875;https://sortiment.lidl.ch/de/blumenkohl-0082875;Gemüse;2024-10-27 23:06:55.411551;yes;;yes;9;yes;Gemüse;no;2024-10-27;1;kg;1000g;0.4;g;;;;;;no;;;lidl
Blumenkohl;2.0;pro kg |;;;3.99;;Schweiz;;82875;https://sortiment.lidl.ch/de/blumenkohl-0082875;Gemüse;2024-10-28 18:00:51.015288;yes;;yes;9;yes;Gemüse;no;2024-10-28;1;kg;1000g;0.4;g;;;;;;no;2024-10-27;no;lidl
Blumenkohl;2.0;pro kg |;;;3.99;;Schweiz;;82875;https://sortiment.lidl.ch/de/blumenkohl-0082875;Gemüse;2024-10-29 19:54:18.207193;yes;;yes;9;yes;Gemüse;no;2024-10-29;1;kg;1000g;0.4;g;;;;;;no;2024-10-28;no;lidl
Blumenkohl;2.0;pro kg |;;;3.99;;Schweiz;;82875;https://sortiment.lidl.ch/de/blumenkohl-0082875;Gemüse;2024-10-30 20:51:01.157397;yes;;yes;9;yes;Gemüse;no;2024-10-30;1;kg;1000g;0.4;g;;;;;;no;2024-10-29;no;lidl
Blumenkohl;2.0;pro kg |;;;3.99;;Schweiz;;82875;https://sortiment.lidl.ch/de/blumenkohl-0082875;Gemüse;2024-10-31 10:28:23.800286;yes;;yes;9;yes;Gemüse;no;2024-10-31;1;kg;1000g;0.4;g;;;;;;no;2024-10-30;no;lidl
Blumenkohl;2.0;pro kg |;;;3.99;;Schweiz;;82875;https://sortiment.lidl.ch/de/blumenkohl-0082875;Gemüse;2024-11-01 09:03:50.881119;yes;;yes;9;yes;Gemüse;no;2024-11-01;1;kg;1000g;0.4;g;;;;;;no;2024-10-31;no;lidl
Blumenkohl;2.0;pro kg |;;;3.99;;Schweiz;;82875;https://sortiment.lidl.ch/de/blumenkohl-0082875;Gemüse;2024-11-03 17:40:10.068931;yes;;yes;9;yes;Gemüse;no;2024-11-03;1;kg;1000g;0.4;g;;;;;;no;2024-11-01;no;lidl
Blumenkohl;2.0;pro kg |;;;3.99;;Schweiz;;82875;https://sortiment.lidl.ch/de/blumenkohl-0082875;Gemüse;2024-11-04 17:18:40.294488;yes;;yes;9;yes;Gemüse;no;2024-11-04;1;kg;1000g;0.4;g;;;;;;no;2024-11-03;no;lidl
Blumenkohl & Broccoli Mix;0.0;pro 400g | 100g = 0.75 CHF;;;2.99;;Schweiz;;82887;https://sortiment.lidl.ch/de/blumenkohl-broccoli-mix-0082887;Gemüse;2024-10-27 23:06:55.411551;yes;;yes;9;yes;Gemüse;no;2024-10-27;4;400g;400g;0.75;g;;;;;;no;;;lidl
Blumenkohl & Broccoli Mix;0.0;pro 400g | 100g = 0.75 CHF;;;2.99;;Schweiz;;82887;https://sortiment.lidl.ch/de/blumenkohl-broccoli-mix-0082887;Gemüse;2024-10-28 18:00:51.015288;yes;;yes;9;yes;Gemüse;no;2024-10-28;4;400g;400g;0.75;g;;;;;;no;2024-10-27;no;lidl
Blumenkohl & Broccoli Mix;0.0;pro 400g | 100g = 0.75 CHF;;;2.99;;Schweiz;;82887;https://sortiment.lidl.ch/de/blumenkohl-broccoli-mix-0082887;Gemüse;2024-10-29 19:54:18.207193;yes;;yes;9;yes;Gemüse;no;2024-10-29;4;400g;400g;0.75;g;;;;;;no;2024-10-28;no;lidl
Blumenkohl & Broccoli Mix;0.0;pro 400g | 100g = 0.75 CHF;;;2.99;;Schweiz;;82887;https://sortiment.lidl.ch/de/blumenkohl-broccoli-mix-0082887;Gemüse;2024-10-30 20:51:01.157397;yes;;yes;9;yes;Gemüse;no;2024-10-30;4;400g;400g;0.75;g;;;;;;no;2024-10-29;no;lidl
Blumenkohl & Broccoli Mix;0.0;pro 400g | 100g = 0.75 CHF;;;2.99;;Schweiz;;82887;https://sortiment.lidl.ch/de/blumenkohl-broccoli-mix-0082887;Gemüse;2024-10-31 10:28:23.800286;yes;;yes;9;yes;Gemüse;no;2024-10-31;4;400g;400g;0.75;g;;;;;;no;2024-10-30;no;lidl
Blumenkohl & Broccoli Mix;0.0;pro 400g | 100g = 0.75 CHF;;;2.99;;Schweiz;;82887;https://sortiment.lidl.ch/de/blumenkohl-broccoli-mix-0082887;Gemüse;2024-11-01 09:03:50.881119;yes;;yes;9;yes;Gemüse;no;2024-11-01;4;400g;400g;0.75;g;;;;;;no;2024-10-31;no;lidl
Blumenkohl & Broccoli Mix;0.0;pro 400g | 100g = 0.75 CHF;;;2.99;;Schweiz;;82887;https://sortiment.lidl.ch/de/blumenkohl-broccoli-mix-0082887;Gemüse;2024-11-03 17:40:10.068931;yes;;yes;9;yes;Gemüse;no;2024-11-03;4;400g;400g;0.75;g;;;;;;no;2024-11-01;no;lidl
Blumenkohl & Broccoli Mix;0.0;pro 400g | 100g = 0.75 CHF;;;2.99;;Schweiz;;82887;https://sortiment.lidl.ch/de/blumenkohl-broccoli-mix-0082887;Gemüse;2024-11-04 17:18:40.294488;yes;;yes;9;yes;Gemüse;no;2024-11-04;4;400g;400g;0.75;g;;;;;;no;2024-11-03;no;lidl
Broccoli;1.0;pro 1kg |;;;3.99;;Schweiz;;82895;https://sortiment.lidl.ch/de/broccoli-0082895;Gemüse;2024-10-27 23:06:55.411551;yes;;yes;9;yes;Gemüse;no;2024-10-27;1;1kg;1000g;0.4;g;;;;;;no;;;lidl
Broccoli;1.0;pro 1kg |;;;3.99;;Schweiz;;82895;https://sortiment.lidl.ch/de/broccoli-0082895;Gemüse;2024-10-28 18:00:51.015288;yes;;yes;9;yes;Gemüse;no;2024-10-28;1;1kg;1000g;0.4;g;;;;;;no;2024-10-27;no;lidl
Broccoli;1.0;pro 1kg |;;;3.99;;Schweiz;;82895;https://sortiment.lidl.ch/de/broccoli-0082895;Gemüse;2024-10-29 19:54:18.207193;yes;;yes;9;yes;Gemüse;no;2024-10-29;1;1kg;1000g;0.4;g;;;;;;no;2024-10-28;no;lidl
Broccoli;1.0;pro 1kg |;;;3.99;;Schweiz;;82895;https://sortiment.lidl.ch/de/broccoli-0082895;Gemüse;2024-10-30 20:51:01.157397;yes;;yes;9;yes;Gemüse;no;2024-10-30;1;1kg;1000g;0.4;g;;;;;;no;2024-10-29;no;lidl
Broccoli;1.0;pro 1kg |;;;3.99;;Schweiz;;82895;https://sortiment.lidl.ch/de/broccoli-0082895;Gemüse;2024-10-31 10:28:23.800286;yes;;yes;9;yes;Gemüse;no;2024-10-31;1;1kg;1000g;0.4;g;;;;;;no;2024-10-30;no;lidl
Broccoli;1.0;pro 1kg |;;;3.99;;Schweiz;;82895;https://sortiment.lidl.ch/de/broccoli-0082895;Gemüse;2024-11-01 09:03:50.881119;yes;;yes;9;yes;Gemüse;no;2024-11-01;1;1kg;1000g;0.4;g;;;;;;no;2024-10-31;no;lidl
Broccoli;1.0;pro 1kg |;;;3.99;;Schweiz;;82895;https://sortiment.lidl.ch/de/broccoli-0082895;Gemüse;2024-11-03 17:40:10.068931;yes;;yes;9;yes;Gemüse;no;2024-11-03;1;1kg;1000g;0.4;g;;;;;;no;2024-11-01;no;lidl
Broccoli;1.0;pro 1kg |;;;3.99;;Schweiz;;82895;https://sortiment.lidl.ch/de/broccoli-0082895;Gemüse;2024-11-04 17:18:40.294488;yes;;yes;9;yes;Gemüse;no;2024-11-04;1;1kg;1000g;0.4;g;;;;;;no;2024-11-03;no;lidl
Broccoli 500g;3.0;pro 500g | 1Kg = 3.58 CHF;;;1.79;;variabel;;82904;https://sortiment.lidl.ch/de/broccoli-500g-0082904;Gemüse;2024-10-27 23:06:55.411551;no;;no;9;yes;Gemüse;no;2024-10-27;2;500g;500g;0.36;g;;;;;;no;;;lidl
Broccoli 500g;3.0;pro 500g | 1Kg = 3.58 CHF;;;1.79;;variabel;;82904;https://sortiment.lidl.ch/de/broccoli-500g-0082904;Gemüse;2024-10-28 18:00:51.015288;no;;no;9;yes;Gemüse;no;2024-10-28;2;500g;500g;0.36;g;;;;;;no;2024-10-27;no;lidl
Broccoli 500g;3.0;pro 500g | 1Kg = 3.58 CHF;;;1.79;;variabel;;82904;https://sortiment.lidl.ch/de/broccoli-500g-0082904;Gemüse;2024-10-29 19:54:18.207193;no;;no;9;yes;Gemüse;no;2024-10-29;2;500g;500g;0.36;g;;;;;;no;2024-10-28;no;lidl
Broccoli 500g;3.0;pro 500g | 1Kg = 3.58 CHF;;;1.79;;variabel;;82904;https://sortiment.lidl.ch/de/broccoli-500g-0082904;Gemüse;2024-10-30 20:51:01.157397;no;;no;9;yes;Gemüse;no;2024-10-30;2;500g;500g;0.36;g;;;;;;no;2024-10-29;no;lidl
Broccoli 500g;3.0;pro 500g | 1Kg = 3.58 CHF;;;1.79;;variabel;;82904;https://sortiment.lidl.ch/de/broccoli-500g-0082904;Gemüse;2024-10-31 10:28:23.800286;no;;no;9;yes;Gemüse;no;2024-10-31;2;500g;500g;0.36;g;;;;;;no;2024-10-30;no;lidl
Broccoli 500g;3.0;pro 500g | 1Kg = 3.58 CHF;;;1.79;;variabel;;82904;https://sortiment.lidl.ch/de/broccoli-500g-0082904;Gemüse;2024-11-01 09:03:50.881119;no;;no;9;yes;Gemüse;no;2024-11-01;2;500g;500g;0.36;g;;;;;;no;2024-10-31;no;lidl
Broccoli 500g;3.0;pro 500g | 1Kg = 3.58 CHF;;;1.79;;variabel;;82904;https://sortiment.lidl.ch/de/broccoli-500g-0082904;Gemüse;2024-11-03 17:40:10.068931;no;;no;9;yes;Gemüse;no;2024-11-03;2;500g;500g;0.36;g;;;;;;no;2024-11-01;no;lidl
Broccoli 500g;3.0;pro 500g | 1Kg = 3.58 CHF;;;1.79;;variabel;;82904;https://sortiment.lidl.ch/de/broccoli-500g-0082904;Gemüse;2024-11-04 17:18:40.294488;no;;no;9;yes;Gemüse;no;2024-11-04;2;500g;500g;0.36;g;;;;;;no;2024-11-03;no;lidl
Chinakohl;2.0;pro 1kg |;;;2.75;;Schweiz;;82910;https://sortiment.lidl.ch/de/chinakohl-0082910;Gemüse;2024-10-27 23:06:55.411551;yes;;yes;5;no;Gemüse;no;2024-10-27;1;1kg;1000g;0.27;g;;;;;;no;;;lidl
Chinakohl;2.0;pro 1kg |;;;2.75;;Schweiz;;82910;https://sortiment.lidl.ch/de/chinakohl-0082910;Gemüse;2024-10-28 18:00:51.015288;yes;;yes;5;no;Gemüse;no;2024-10-28;1;1kg;1000g;0.27;g;;;;;;no;2024-10-27;no;lidl
Chinakohl;2.0;pro 1kg |;;;2.75;;Schweiz;;82910;https://sortiment.lidl.ch/de/chinakohl-0082910;Gemüse;2024-10-29 19:54:18.207193;yes;;yes;5;no;Gemüse;no;2024-10-29;1;1kg;1000g;0.27;g;;;;;;no;2024-10-28;no;lidl
Chinakohl;2.0;pro 1kg |;;;2.75;;Schweiz;;82910;https://sortiment.lidl.ch/de/chinakohl-0082910;Gemüse;2024-10-30 20:51:01.157397;yes;;yes;5;no;Gemüse;no;2024-10-30;1;1kg;1000g;0.27;g;;;;;;no;2024-10-29;no;lidl
Chinakohl;2.0;pro 1kg |;;;2.75;;Schweiz;;82910;https://sortiment.lidl.ch/de/chinakohl-0082910;Gemüse;2024-10-31 10:28:23.800286;yes;;yes;5;no;Gemüse;no;2024-10-31;1;1kg;1000g;0.27;g;;;;;;no;2024-10-30;no;lidl
Chinakohl;2.0;pro 1kg |;;;2.75;;Schweiz;;82910;https://sortiment.lidl.ch/de/chinakohl-0082910;Gemüse;2024-11-01 09:03:50.881119;yes;;yes;5;no;Gemüse;no;2024-11-01;1;1kg;1000g;0.27;g;;;;;;no;2024-10-31;no;lidl
Chinakohl;2.0;pro 1kg |;;;2.75;;Schweiz;;82910;https://sortiment.lidl.ch/de/chinakohl-0082910;Gemüse;2024-11-03 17:40:10.068931;yes;;yes;5;no;Gemüse;no;2024-11-03;1;1kg;1000g;0.27;g;;;;;;no;2024-11-01;no;lidl
Chinakohl;2.0;pro 1kg |;;;2.75;;Schweiz;;82910;https://sortiment.lidl.ch/de/chinakohl-0082910;Gemüse;2024-11-04 17:18:40.294488;yes;;yes;5;no;Gemüse;no;2024-11-04;1;1kg;1000g;0.27;g;;;;;;no;2024-11-03;no;lidl
Pak Choi 2 Stk;2.0;pro 2 Stk. |;;;1.59;;Spanien;;82923;https://sortiment.lidl.ch/de/pak-choi-2-stk-0082923;Gemüse;2024-10-27 23:06:55.411551;no;;no;9;yes;Gemüse;no;2024-10-27;4;2;2 Stücke;0.8;Stück;;;;;;no;;;lidl
Pak Choi 2 Stk;2.0;pro 2 Stk. |;;;1.59;;Spanien;;82923;https://sortiment.lidl.ch/de/pak-choi-2-stk-0082923;Gemüse;2024-10-28 18:00:51.015288;no;;no;9;yes;Gemüse;no;2024-10-28;4;2;2 Stücke;0.8;Stück;;;;;;no;2024-10-27;no;lidl
Pak Choi 2 Stk;2.0;pro 2 Stk. |;;;1.59;;Spanien;;82923;https://sortiment.lidl.ch/de/pak-choi-2-stk-0082923;Gemüse;2024-10-29 19:54:18.207193;no;;no;9;yes;Gemüse;no;2024-10-29;4;2;2 Stücke;0.8;Stück;;;;;;no;2024-10-28;no;lidl
Pak Choi 2 Stk;2.0;pro 2 Stk. |;;;1.59;;Spanien;;82923;https://sortiment.lidl.ch/de/pak-choi-2-stk-0082923;Gemüse;2024-10-30 20:51:01.157397;no;;no;9;yes;Gemüse;no;2024-10-30;4;2;2 Stücke;0.8;Stück;;;;;;no;2024-10-29;no;lidl
Pak Choi 2 Stk;2.0;pro 2 Stk. |;;;1.59;;Spanien;;82923;https://sortiment.lidl.ch/de/pak-choi-2-stk-0082923;Gemüse;2024-10-31 10:28:23.800286;no;;no;9;yes;Gemüse;no;2024-10-31;4;2;2 Stücke;0.8;Stück;;;;;;no;2024-10-30;no;lidl
Pak Choi 2 Stk;2.0;pro 2 Stk. |;;;1.59;;Spanien;;82923;https://sortiment.lidl.ch/de/pak-choi-2-stk-0082923;Gemüse;2024-11-01 09:03:50.881119;no;;no;9;yes;Gemüse;no;2024-11-01;4;2;2 Stücke;0.8;Stück;;;;;;no;2024-10-31;no;lidl
Pak Choi 2 Stk;2.0;pro 2 Stk. |;;;1.59;;Spanien;;82923;https://sortiment.lidl.ch/de/pak-choi-2-stk-0082923;Gemüse;2024-11-03 17:40:10.068931;no;;no;9;yes;Gemüse;no;2024-11-03;4;2;2 Stücke;0.8;Stück;;;;;;no;2024-11-01;no;lidl
Pak Choi 2 Stk;2.0;pro 2 Stk. |;;;1.59;;Spanien;;82923;https://sortiment.lidl.ch/de/pak-choi-2-stk-0082923;Gemüse;2024-11-04 17:18:40.294488;no;;no;9;yes;Gemüse;no;2024-11-04;4;2;2 Stücke;0.8;Stück;;;;;;no;2024-11-03;no;lidl
Rosenkohl 500g;1.0;pro 500g | 1Kg = 5.90 CHF;;;2.95;;Schweiz;;82931;https://sortiment.lidl.ch/de/rosenkohl-500g-0082931;Gemüse;2024-10-27 23:06:55.411551;yes;;yes;5;no;Gemüse;no;2024-10-27;2;500g;500g;0.59;g;;;;;;no;;;lidl
Rosenkohl 500g;1.0;pro 500g | 1Kg = 5.90 CHF;;;2.95;;Schweiz;;82931;https://sortiment.lidl.ch/de/rosenkohl-500g-0082931;Gemüse;2024-10-28 18:00:51.015288;yes;;yes;5;no;Gemüse;no;2024-10-28;2;500g;500g;0.59;g;;;;;;no;2024-10-27;no;lidl
Rosenkohl 500g;1.0;pro 500g | 1Kg = 5.90 CHF;;;2.95;;Schweiz;;82931;https://sortiment.lidl.ch/de/rosenkohl-500g-0082931;Gemüse;2024-10-29 19:54:18.207193;yes;;yes;5;no;Gemüse;no;2024-10-29;2;500g;500g;0.59;g;;;;;;no;2024-10-28;no;lidl
Rosenkohl 500g;1.0;pro 500g | 1Kg = 5.90 CHF;;;2.95;;Schweiz;;82931;https://sortiment.lidl.ch/de/rosenkohl-500g-0082931;Gemüse;2024-10-30 20:51:01.157397;yes;;yes;5;no;Gemüse;no;2024-10-30;2;500g;500g;0.59;g;;;;;;no;2024-10-29;no;lidl
Rosenkohl 500g;1.0;pro 500g | 1Kg = 5.90 CHF;;;2.95;;Schweiz;;82931;https://sortiment.lidl.ch/de/rosenkohl-500g-0082931;Gemüse;2024-10-31 10:28:23.800286;yes;;yes;5;no;Gemüse;no;2024-10-31;2;500g;500g;0.59;g;;;;;;no;2024-10-30;no;lidl
Rosenkohl 500g;1.0;pro 500g | 1Kg = 5.90 CHF;;;2.95;;Schweiz;;82931;https://sortiment.lidl.ch/de/rosenkohl-500g-0082931;Gemüse;2024-11-01 09:03:50.881119;yes;;yes;5;no;Gemüse;no;2024-11-01;2;500g;500g;0.59;g;;;;;;no;2024-10-31;no;lidl
Rosenkohl 500g;1.0;pro 500g | 1Kg = 5.90 CHF;;;2.95;;Schweiz;;82931;https://sortiment.lidl.ch/de/rosenkohl-500g-0082931;Gemüse;2024-11-03 17:40:10.068931;yes;;yes;5;no;Gemüse;no;2024-11-03;2;500g;500g;0.59;g;;;;;;no;2024-11-01;no;lidl
Rosenkohl 500g;1.0;pro 500g | 1Kg = 5.90 CHF;;;2.95;;Schweiz;;82931;https://sortiment.lidl.ch/de/rosenkohl-500g-0082931;Gemüse;2024-11-04 17:18:40.294488;yes;;yes;5;no;Gemüse;no;2024-11-04;2;500g;500g;0.59;g;;;;;;no;2024-11-03;no;lidl
Rotkohl;0.0;pro 1kg |;;;2.29;;Schweiz;;82945;https://sortiment.lidl.ch/de/rotkohl-0082945;Gemüse;2024-10-27 23:06:55.411551;yes;;no;9;yes;Gemüse;no;2024-10-27;1;1kg;1000g;0.23;g;;;;;;no;;;lidl
Rotkohl;0.0;pro 1kg |;;;2.29;;Schweiz;;82945;https://sortiment.lidl.ch/de/rotkohl-0082945;Gemüse;2024-10-28 18:00:51.015288;yes;;no;9;yes;Gemüse;no;2024-10-28;1;1kg;1000g;0.23;g;;;;;;no;2024-10-27;no;lidl
Rotkohl;0.0;pro 1kg |;;;2.29;;Schweiz;;82945;https://sortiment.lidl.ch/de/rotkohl-0082945;Gemüse;2024-10-29 19:54:18.207193;yes;;no;9;yes;Gemüse;no;2024-10-29;1;1kg;1000g;0.23;g;;;;;;no;2024-10-28;no;lidl
Rotkohl;0.0;pro 1kg |;;;2.29;;Schweiz;;82945;https://sortiment.lidl.ch/de/rotkohl-0082945;Gemüse;2024-10-30 20:51:01.157397;yes;;no;9;yes;Gemüse;no;2024-10-30;1;1kg;1000g;0.23;g;;;;;;no;2024-10-29;no;lidl
Rotkohl;0.0;pro 1kg |;;;2.29;;Schweiz;;82945;https://sortiment.lidl.ch/de/rotkohl-0082945;Gemüse;2024-10-31 10:28:23.800286;yes;;no;9;yes;Gemüse;no;2024-10-31;1;1kg;1000g;0.23;g;;;;;;no;2024-10-30;no;lidl
Rotkohl;0.0;pro 1kg |;;;2.29;;Schweiz;;82945;https://sortiment.lidl.ch/de/rotkohl-0082945;Gemüse;2024-11-01 09:03:50.881119;yes;;no;9;yes;Gemüse;no;2024-11-01;1;1kg;1000g;0.23;g;;;;;;no;2024-10-31;no;lidl
Rotkohl;0.0;pro 1kg |;;;2.29;;Schweiz;;82945;https://sortiment.lidl.ch/de/rotkohl-0082945;Gemüse;2024-11-03 17:40:10.068931;yes;;no;9;yes;Gemüse;no;2024-11-03;1;1kg;1000g;0.23;g;;;;;;no;2024-11-01;no;lidl
Rotkohl;0.0;pro 1kg |;;;2.29;;Schweiz;;82945;https://sortiment.lidl.ch/de/rotkohl-0082945;Gemüse;2024-11-04 17:18:40.294488;yes;;no;9;yes;Gemüse;no;2024-11-04;1;1kg;1000g;0.23;g;;;;;;no;2024-11-03;no;lidl
Spitzkohl lose;0.0;pro 1kg |;;;1.99;;variabel;;82950;https://sortiment.lidl.ch/de/spitzkohl-lose-0082950;Gemüse;2024-11-03 17:40:10.068931;no;;no;9;yes;Gemüse;no;2024-11-03;2;1kg;1000g;0.2;g;;;;;;no;;yes;lidl
Spitzkohl lose;0.0;pro 1kg |;;;1.99;;variabel;;82950;https://sortiment.lidl.ch/de/spitzkohl-lose-0082950;Gemüse;2024-11-04 17:18:40.294488;no;;no;9;yes;Gemüse;no;2024-11-04;2;1kg;1000g;0.2;g;;;;;;no;2024-11-03;no;lidl
Weisskohl;2.0;pro 1kg |;2.29;-30%;1.59;24.10. - 30.10.;Schweiz;;82955;https://sortiment.lidl.ch/de/weisskohl-0082955;Gemüse;2024-10-27 23:06:55.411551;yes;0.31;no;9;yes;Gemüse;no;2024-10-27;1;1kg;1000g;0.16;g;2024-10-24;2024-10-30;Thursday;Wednesday;6 days;yes;;;lidl
Weisskohl;2.0;pro 1kg |;2.29;-30%;1.59;24.10. - 30.10.;Schweiz;;82955;https://sortiment.lidl.ch/de/weisskohl-0082955;Gemüse;2024-10-28 18:00:51.015288;yes;0.31;no;9;yes;Gemüse;no;2024-10-28;1;1kg;1000g;0.16;g;2024-10-24;2024-10-30;Thursday;Wednesday;6 days;yes;2024-10-27;no;lidl
Weisskohl;2.0;pro 1kg |;2.29;-30%;1.59;24.10. - 30.10.;Schweiz;;82955;https://sortiment.lidl.ch/de/weisskohl-0082955;Gemüse;2024-10-29 19:54:18.207193;yes;0.31;no;9;yes;Gemüse;no;2024-10-29;1;1kg;1000g;0.16;g;2024-10-24;2024-10-30;Thursday;Wednesday;6 days;yes;2024-10-28;no;lidl
Weisskohl;2.0;pro 1kg |;2.29;-30%;1.59;24.10. - 30.10.;Schweiz;;82955;https://sortiment.lidl.ch/de/weisskohl-0082955;Gemüse;2024-10-30 20:51:01.157397;yes;0.31;no;9;yes;Gemüse;no;2024-10-30;1;1kg;1000g;0.16;g;2024-10-24;2024-10-30;Thursday;Wednesday;6 days;yes;2024-10-29;no;lidl
Weisskohl;2.0;pro 1kg |;;;2.29;;Schweiz;;82955;https://sortiment.lidl.ch/de/weisskohl-0082955;Gemüse;2024-10-31 10:28:23.800286;yes;;no;9;yes;Gemüse;no;2024-10-31;1;1kg;1000g;0.23;g;;;;;;no;2024-10-30;no;lidl
Weisskohl;2.0;pro 1kg |;;;2.29;;Schweiz;;82955;https://sortiment.lidl.ch/de/weisskohl-0082955;Gemüse;2024-11-01 09:03:50.881119;yes;;no;9;yes;Gemüse;no;2024-11-01;1;1kg;1000g;0.23;g;;;;;;no;2024-10-31;no;lidl
Weisskohl;2.0;pro 1kg |;;;2.29;;Schweiz;;82955;https://sortiment.lidl.ch/de/weisskohl-0082955;Gemüse;2024-11-03 17:40:10.068931;yes;;no;9;yes;Gemüse;no;2024-11-03;1;1kg;1000g;0.23;g;;;;;;no;2024-11-01;no;lidl
Weisskohl;2.0;pro 1kg |;;;2.29;;Schweiz;;82955;https://sortiment.lidl.ch/de/weisskohl-0082955;Gemüse;2024-11-04 17:18:40.294488;yes;;no;9;yes;Gemüse;no;2024-11-04;1;1kg;1000g;0.23;g;;;;;;no;2024-11-03;no;lidl
Wirz;0.0;pro 1kg |;;;2.69;;Schweiz;;82960;https://sortiment.lidl.ch/de/wirz-0082960;Gemüse;2024-10-27 23:06:55.411551;yes;;yes;9;yes;Gemüse;no;2024-10-27;1;1kg;1000g;0.27;g;;;;;;no;;;lidl
Wirz;0.0;pro 1kg |;;;2.69;;Schweiz;;82960;https://sortiment.lidl.ch/de/wirz-0082960;Gemüse;2024-10-28 18:00:51.015288;yes;;yes;9;yes;Gemüse;no;2024-10-28;1;1kg;1000g;0.27;g;;;;;;no;2024-10-27;no;lidl
Wirz;0.0;pro 1kg |;;;2.69;;Schweiz;;82960;https://sortiment.lidl.ch/de/wirz-0082960;Gemüse;2024-10-29 19:54:18.207193;yes;;yes;9;yes;Gemüse;no;2024-10-29;1;1kg;1000g;0.27;g;;;;;;no;2024-10-28;no;lidl
Wirz;0.0;pro 1kg |;;;2.69;;Schweiz;;82960;https://sortiment.lidl.ch/de/wirz-0082960;Gemüse;2024-10-30 20:51:01.157397;yes;;yes;9;yes;Gemüse;no;2024-10-30;1;1kg;1000g;0.27;g;;;;;;no;2024-10-29;no;lidl
Wirz;0.0;pro 1kg |;2.69;-33%;1.79;31.10. - 6.11.;Schweiz;;82960;https://sortiment.lidl.ch/de/wirz-0082960;Gemüse;2024-10-31 10:28:23.800286;yes;0.33;no;9;yes;Gemüse;no;2024-10-31;1;1kg;1000g;0.18;g;2024-10-31;2024-11-06;Thursday;Wednesday;6 days;yes;2024-10-30;no;lidl
Wirz;0.0;pro 1kg |;2.69;-33%;1.79;31.10. - 6.11.;Schweiz;;82960;https://sortiment.lidl.ch/de/wirz-0082960;Gemüse;2024-11-01 09:03:50.881119;yes;0.33;no;9;yes;Gemüse;no;2024-11-01;1;1kg;1000g;0.18;g;2024-10-31;2024-11-06;Thursday;Wednesday;6 days;yes;2024-10-31;no;lidl
Wirz;0.0;pro 1kg |;2.69;-33%;1.79;31.10. - 6.11.;Schweiz;;82960;https://sortiment.lidl.ch/de/wirz-0082960;Gemüse;2024-11-03 17:40:10.068931;yes;0.33;no;9;yes;Gemüse;no;2024-11-03;1;1kg;1000g;0.18;g;2024-10-31;2024-11-06;Thursday;Wednesday;6 days;yes;2024-11-01;no;lidl
Wirz;0.0;pro 1kg |;2.69;-33%;1.79;31.10. - 6.11.;Schweiz;;82960;https://sortiment.lidl.ch/de/wirz-0082960;Gemüse;2024-11-04 17:18:40.294488;yes;0.33;no;9;yes;Gemüse;no;2024-11-04;1;1kg;1000g;0.18;g;2024-10-31;2024-11-06;Thursday;Wednesday;6 days;yes;2024-11-03;no;lidl
Champignons weiss 250g;16.0;pro 250g | 100g = 0.68 CHF;;;1.69;;variabel;;83015;https://sortiment.lidl.ch/de/champignons-weiss-250g-0083015;Gemüse;2024-10-27 23:06:55.411551;no;;no;9;yes;Gemüse;no;2024-10-27;3;250g;250g;0.68;g;;;;;;no;;;lidl
Champignons weiss 250g;16.0;pro 250g | 100g = 0.68 CHF;;;1.69;;variabel;;83015;https://sortiment.lidl.ch/de/champignons-weiss-250g-0083015;Gemüse;2024-10-28 18:00:51.015288;no;;no;9;yes;Gemüse;no;2024-10-28;3;250g;250g;0.68;g;;;;;;no;2024-10-27;no;lidl
Champignons weiss 250g;16.0;pro 250g | 100g = 0.68 CHF;;;1.69;;variabel;;83015;https://sortiment.lidl.ch/de/champignons-weiss-250g-0083015;Gemüse;2024-10-29 19:54:18.207193;no;;no;9;yes;Gemüse;no;2024-10-29;3;250g;250g;0.68;g;;;;;;no;2024-10-28;no;lidl
Champignons weiss 250g;16.0;pro 250g | 100g = 0.68 CHF;;;1.69;;variabel;;83015;https://sortiment.lidl.ch/de/champignons-weiss-250g-0083015;Gemüse;2024-10-30 20:51:01.157397;no;;no;9;yes;Gemüse;no;2024-10-30;3;250g;250g;0.68;g;;;;;;no;2024-10-29;no;lidl
Champignons weiss 250g;16.0;pro 250g | 100g = 0.68 CHF;;;1.69;;variabel;;83015;https://sortiment.lidl.ch/de/champignons-weiss-250g-0083015;Gemüse;2024-10-31 10:28:23.800286;no;;no;9;yes;Gemüse;no;2024-10-31;3;250g;250g;0.68;g;;;;;;no;2024-10-30;no;lidl
Champignons weiss 250g;16.0;pro 250g | 100g = 0.68 CHF;;;1.69;;variabel;;83015;https://sortiment.lidl.ch/de/champignons-weiss-250g-0083015;Gemüse;2024-11-01 09:03:50.881119;no;;no;9;yes;Gemüse;no;2024-11-01;3;250g;250g;0.68;g;;;;;;no;2024-10-31;no;lidl
Champignons weiss 250g;16.0;pro 250g | 100g = 0.68 CHF;;;1.69;;variabel;;83015;https://sortiment.lidl.ch/de/champignons-weiss-250g-0083015;Gemüse;2024-11-03 17:40:10.068931;no;;no;9;yes;Gemüse;no;2024-11-03;3;250g;250g;0.68;g;;;;;;no;2024-11-01;no;lidl
Champignons weiss 250g;16.0;pro 250g | 100g = 0.68 CHF;;;1.69;;variabel;;83015;https://sortiment.lidl.ch/de/champignons-weiss-250g-0083015;Gemüse;2024-11-04 17:18:40.294488;no;;no;9;yes;Gemüse;no;2024-11-04;3;250g;250g;0.68;g;;;;;;no;2024-11-03;no;lidl
Champignons weiss 400g;7.0;pro 400g | 100g = 0.40 CHF;;;1.59;;variabel;;83017;https://sortiment.lidl.ch/de/champignons-weiss-400g-0083017;Gemüse;2024-10-27 23:06:55.411551;no;;no;9;yes;Gemüse;no;2024-10-27;3;400g;400g;0.4;g;;;;;;no;;;lidl
Champignons weiss 400g;7.0;pro 400g | 100g = 0.40 CHF;;;1.59;;variabel;;83017;https://sortiment.lidl.ch/de/champignons-weiss-400g-0083017;Gemüse;2024-10-28 18:00:51.015288;no;;no;9;yes;Gemüse;no;2024-10-28;3;400g;400g;0.4;g;;;;;;no;2024-10-27;no;lidl
Champignons weiss 400g;7.0;pro 400g | 100g = 0.40 CHF;;;1.59;;variabel;;83017;https://sortiment.lidl.ch/de/champignons-weiss-400g-0083017;Gemüse;2024-10-29 19:54:18.207193;no;;no;9;yes;Gemüse;no;2024-10-29;3;400g;400g;0.4;g;;;;;;no;2024-10-28;no;lidl
Champignons weiss 400g;7.0;pro 400g | 100g = 0.40 CHF;;;1.59;;variabel;;83017;https://sortiment.lidl.ch/de/champignons-weiss-400g-0083017;Gemüse;2024-10-30 20:51:01.157397;no;;no;9;yes;Gemüse;no;2024-10-30;3;400g;400g;0.4;g;;;;;;no;2024-10-29;no;lidl
Champignons weiss 400g;7.0;pro 400g | 100g = 0.40 CHF;;;1.59;;variabel;;83017;https://sortiment.lidl.ch/de/champignons-weiss-400g-0083017;Gemüse;2024-10-31 10:28:23.800286;no;;no;9;yes;Gemüse;no;2024-10-31;3;400g;400g;0.4;g;;;;;;no;2024-10-30;no;lidl
Champignons weiss 400g;7.0;pro 400g | 100g = 0.40 CHF;;;1.59;;variabel;;83017;https://sortiment.lidl.ch/de/champignons-weiss-400g-0083017;Gemüse;2024-11-01 09:03:50.881119;no;;no;9;yes;Gemüse;no;2024-11-01;3;400g;400g;0.4;g;;;;;;no;2024-10-31;no;lidl
Champignons weiss 400g;7.0;pro 400g | 100g = 0.40 CHF;;;1.59;;variabel;;83017;https://sortiment.lidl.ch/de/champignons-weiss-400g-0083017;Gemüse;2024-11-03 17:40:10.068931;no;;no;9;yes;Gemüse;no;2024-11-03;3;400g;400g;0.4;g;;;;;;no;2024-11-01;no;lidl
Champignons weiss 400g;7.0;pro 400g | 100g = 0.40 CHF;;;1.59;;variabel;;83017;https://sortiment.lidl.ch/de/champignons-weiss-400g-0083017;Gemüse;2024-11-04 17:18:40.294488;no;;no;9;yes;Gemüse;no;2024-11-04;3;400g;400g;0.4;g;;;;;;no;2024-11-03;no;lidl
Kartoffeln Les Royales;0.0;pro 1kg |;;;1.39;;Schweiz;;83215;https://sortiment.lidl.ch/de/kartoffeln-les-royales-0083215;Gemüse;2024-10-27 23:06:55.411551;yes;;no;9;yes;Gemüse;no;2024-10-27;3;1kg;1000g;0.14;g;;;;;;no;;;lidl
Kartoffeln Les Royales;0.0;pro 1kg |;;;1.39;;Schweiz;;83215;https://sortiment.lidl.ch/de/kartoffeln-les-royales-0083215;Gemüse;2024-10-28 18:00:51.015288;yes;;no;9;yes;Gemüse;no;2024-10-28;3;1kg;1000g;0.14;g;;;;;;no;2024-10-27;no;lidl
Kartoffeln;0.0;pro 1kg |;;;1.39;;Schweiz;;83215;https://sortiment.lidl.ch/de/kartoffeln-0083215;Gemüse;2024-10-29 19:54:18.207193;yes;;no;9;yes;Gemüse;no;2024-10-29;1;1kg;1000g;0.14;g;;;;;;no;2024-10-28;no;lidl
Kartoffeln;0.0;pro 1kg |;;;1.29;;Schweiz;;83215;https://sortiment.lidl.ch/de/kartoffeln-0083215;Gemüse;2024-10-30 20:51:01.157397;yes;;no;9;yes;Gemüse;no;2024-10-30;1;1kg;1000g;0.13;g;;;;;;no;2024-10-29;no;lidl
Kartoffeln;0.0;pro 1kg |;;;1.29;;Schweiz;;83215;https://sortiment.lidl.ch/de/kartoffeln-0083215;Gemüse;2024-10-31 10:28:23.800286;yes;;no;9;yes;Gemüse;no;2024-10-31;1;1kg;1000g;0.13;g;;;;;;no;2024-10-30;no;lidl
Kartoffeln;0.0;pro 1kg |;;;1.29;;Schweiz;;83215;https://sortiment.lidl.ch/de/kartoffeln-0083215;Gemüse;2024-11-01 09:03:50.881119;yes;;no;9;yes;Gemüse;no;2024-11-01;1;1kg;1000g;0.13;g;;;;;;no;2024-10-31;no;lidl
Kartoffeln;0.0;pro 1kg |;;;1.29;;Schweiz;;83215;https://sortiment.lidl.ch/de/kartoffeln-0083215;Gemüse;2024-11-03 17:40:10.068931;yes;;no;9;yes;Gemüse;no;2024-11-03;1;1kg;1000g;0.13;g;;;;;;no;2024-11-01;no;lidl
Kartoffeln;0.0;pro 1kg |;;;1.29;;Schweiz;;83215;https://sortiment.lidl.ch/de/kartoffeln-0083215;Gemüse;2024-11-04 17:18:40.294488;yes;;no;9;yes;Gemüse;no;2024-11-04;1;1kg;1000g;0.13;g;;;;;;no;2024-11-03;no;lidl
Kartoffeln Raclette 1kg;1.0;pro 1kg |;;;1.49;;Schweiz;;83222;https://sortiment.lidl.ch/de/kartoffeln-raclette-1kg-0083222;Gemüse;2024-10-27 23:06:55.411551;yes;;no;9;yes;Gemüse;no;2024-10-27;3;1kg;1000g;0.15;g;;;;;;no;;;lidl
Kartoffeln Raclette 1kg;1.0;pro 1kg |;;;1.49;;Schweiz;;83222;https://sortiment.lidl.ch/de/kartoffeln-raclette-1kg-0083222;Gemüse;2024-10-28 18:00:51.015288;yes;;no;9;yes;Gemüse;no;2024-10-28;3;1kg;1000g;0.15;g;;;;;;no;2024-10-27;no;lidl
Kartoffeln Raclette 1kg;1.0;pro 1kg |;;;1.49;;Schweiz;;83222;https://sortiment.lidl.ch/de/kartoffeln-raclette-1kg-0083222;Gemüse;2024-10-29 19:54:18.207193;yes;;no;9;yes;Gemüse;no;2024-10-29;3;1kg;1000g;0.15;g;;;;;;no;2024-10-28;no;lidl
Kartoffeln Raclette 1kg;1.0;pro 1kg |;;;1.49;;Schweiz;;83222;https://sortiment.lidl.ch/de/kartoffeln-raclette-1kg-0083222;Gemüse;2024-10-30 20:51:01.157397;yes;;no;9;yes;Gemüse;no;2024-10-30;3;1kg;1000g;0.15;g;;;;;;no;2024-10-29;no;lidl
Kartoffeln Raclette 1kg;1.0;pro 1kg |;;;1.49;;Schweiz;;83222;https://sortiment.lidl.ch/de/kartoffeln-raclette-1kg-0083222;Gemüse;2024-10-31 10:28:23.800286;yes;;no;9;yes;Gemüse;no;2024-10-31;3;1kg;1000g;0.15;g;;;;;;no;2024-10-30;no;lidl
Kartoffeln Raclette 1kg;1.0;pro 1kg |;;;1.49;;Schweiz;;83222;https://sortiment.lidl.ch/de/kartoffeln-raclette-1kg-0083222;Gemüse;2024-11-01 09:03:50.881119;yes;;no;9;yes;Gemüse;no;2024-11-01;3;1kg;1000g;0.15;g;;;;;;no;2024-10-31;no;lidl
Kartoffeln Raclette 1kg;1.0;pro 1kg |;;;1.49;;Schweiz;;83222;https://sortiment.lidl.ch/de/kartoffeln-raclette-1kg-0083222;Gemüse;2024-11-03 17:40:10.068931;yes;;no;9;yes;Gemüse;no;2024-11-03;3;1kg;1000g;0.15;g;;;;;;no;2024-11-01;no;lidl
Kartoffeln Raclette 1kg;1.0;pro 1kg |;;;1.49;;Schweiz;;83222;https://sortiment.lidl.ch/de/kartoffeln-raclette-1kg-0083222;Gemüse;2024-11-04 17:18:40.294488;yes;;no;9;yes;Gemüse;no;2024-11-04;3;1kg;1000g;0.15;g;;;;;;no;2024-11-03;no;lidl
Kartoffeln 1.5kg;42.0;pro 1,5kg | 1Kg = 1.46 CHF;;;2.19;;Schweiz;Terra Natura;83223;https://sortiment.lidl.ch/de/kartoffeln-1-5kg-0083223;Gemüse;2024-10-27 23:06:55.411551;yes;;no;9;yes;Gemüse;no;2024-10-27;2;1,5kg;1500g;0.15;g;;;;;;no;;;lidl
Kartoffeln 1.5kg;42.0;pro 1,5kg | 1Kg = 1.46 CHF;;;2.19;;Schweiz;Terra Natura;83223;https://sortiment.lidl.ch/de/kartoffeln-1-5kg-0083223;Gemüse;2024-10-28 18:00:51.015288;yes;;no;9;yes;Gemüse;no;2024-10-28;2;1,5kg;1500g;0.15;g;;;;;;no;2024-10-27;no;lidl
Kartoffeln 1.5kg;42.0;pro 1,5kg | 1Kg = 1.46 CHF;;;2.19;;Schweiz;Terra Natura;83223;https://sortiment.lidl.ch/de/kartoffeln-1-5kg-0083223;Gemüse;2024-10-29 19:54:18.207193;yes;;no;9;yes;Gemüse;no;2024-10-29;2;1,5kg;1500g;0.15;g;;;;;;no;2024-10-28;no;lidl
Kartoffeln 1.5kg;42.0;pro 1,5kg | 1Kg = 1.46 CHF;;;2.19;;Schweiz;Terra Natura;83223;https://sortiment.lidl.ch/de/kartoffeln-1-5kg-0083223;Gemüse;2024-10-30 20:51:01.157397;yes;;no;9;yes;Gemüse;no;2024-10-30;2;1,5kg;1500g;0.15;g;;;;;;no;2024-10-29;no;lidl
Kartoffeln 1.5kg;42.0;pro 1,5kg | 1Kg = 1.46 CHF;;;2.19;;Schweiz;Terra Natura;83223;https://sortiment.lidl.ch/de/kartoffeln-1-5kg-0083223;Gemüse;2024-10-31 10:28:23.800286;yes;;no;9;yes;Gemüse;no;2024-10-31;2;1,5kg;1500g;0.15;g;;;;;;no;2024-10-30;no;lidl
Kartoffeln 1.5kg;42.0;pro 1,5kg | 1Kg = 1.46 CHF;;;2.19;;Schweiz;Terra Natura;83223;https://sortiment.lidl.ch/de/kartoffeln-1-5kg-0083223;Gemüse;2024-11-01 09:03:50.881119;yes;;no;9;yes;Gemüse;no;2024-11-01;2;1,5kg;1500g;0.15;g;;;;;;no;2024-10-31;no;lidl
Kartoffeln 1.5kg;42.0;pro 1,5kg | 1Kg = 1.46 CHF;;;2.19;;Schweiz;Terra Natura;83223;https://sortiment.lidl.ch/de/kartoffeln-1-5kg-0083223;Gemüse;2024-11-03 17:40:10.068931;yes;;no;9;yes;Gemüse;no;2024-11-03;2;1,5kg;1500g;0.15;g;;;;;;no;2024-11-01;no;lidl
Kartoffeln 1.5kg;42.0;pro 1,5kg | 1Kg = 1.46 CHF;;;2.19;;Schweiz;Terra Natura;83223;https://sortiment.lidl.ch/de/kartoffeln-1-5kg-0083223;Gemüse;2024-11-04 17:18:40.294488;yes;;no;9;yes;Gemüse;no;2024-11-04;2;1,5kg;1500g;0.15;g;;;;;;no;2024-11-03;no;lidl
Kartoffeln festkochend 2.5 kg;0.0;pro 2,5kg |;2.9;-24%;2.19;24.10. - 30.10.;Schweiz;;83225;https://sortiment.lidl.ch/de/kartoffeln-festkochend-2-5-kg-0083225;Gemüse;2024-10-27 23:06:55.411551;yes;0.24;no;9;yes;Gemüse;no;2024-10-27;4;2,5kg;2500g;0.09;g;2024-10-24;2024-10-30;Thursday;Wednesday;6 days;yes;;;lidl
Kartoffeln festkochend 2.5 kg;0.0;pro 2,5kg |;2.9;-24%;2.19;24.10. - 30.10.;Schweiz;;83225;https://sortiment.lidl.ch/de/kartoffeln-festkochend-2-5-kg-0083225;Gemüse;2024-10-28 18:00:51.015288;yes;0.24;no;9;yes;Gemüse;no;2024-10-28;4;2,5kg;2500g;0.09;g;2024-10-24;2024-10-30;Thursday;Wednesday;6 days;yes;2024-10-27;no;lidl
Kartoffeln festkochend 2.5 kg;0.0;pro 2,5kg |;2.9;-24%;2.19;24.10. - 30.10.;Schweiz;;83225;https://sortiment.lidl.ch/de/kartoffeln-festkochend-2-5-kg-0083225;Gemüse;2024-10-29 19:54:18.207193;yes;0.24;no;9;yes;Gemüse;no;2024-10-29;4;2,5kg;2500g;0.09;g;2024-10-24;2024-10-30;Thursday;Wednesday;6 days;yes;2024-10-28;no;lidl
Kartoffeln festkochend 2.5 kg;0.0;pro 2,5kg |;2.9;-24%;2.19;24.10. - 30.10.;Schweiz;;83225;https://sortiment.lidl.ch/de/kartoffeln-festkochend-2-5-kg-0083225;Gemüse;2024-10-30 20:51:01.157397;yes;0.24;no;9;yes;Gemüse;no;2024-10-30;4;2,5kg;2500g;0.09;g;2024-10-24;2024-10-30;Thursday;Wednesday;6 days;yes;2024-10-29;no;lidl
Kartoffeln festkochend 2.5 kg;0.0;pro 2,5kg |;;;2.9;;Schweiz;;83225;https://sortiment.lidl.ch/de/kartoffeln-festkochend-2-5-kg-0083225;Gemüse;2024-10-31 10:28:23.800286;yes;;yes;9;yes;Gemüse;no;2024-10-31;4;2,5kg;2500g;0.12;g;;;;;;no;2024-10-30;no;lidl
Kartoffeln festkochend 2.5 kg;0.0;pro 2,5kg |;;;2.9;;Schweiz;;83225;https://sortiment.lidl.ch/de/kartoffeln-festkochend-2-5-kg-0083225;Gemüse;2024-11-01 09:03:50.881119;yes;;yes;9;yes;Gemüse;no;2024-11-01;4;2,5kg;2500g;0.12;g;;;;;;no;2024-10-31;no;lidl
Kartoffeln festkochend 2.5 kg;0.0;pro 2,5kg |;;;2.9;;Schweiz;;83225;https://sortiment.lidl.ch/de/kartoffeln-festkochend-2-5-kg-0083225;Gemüse;2024-11-03 17:40:10.068931;yes;;yes;9;yes;Gemüse;no;2024-11-03;4;2,5kg;2500g;0.12;g;;;;;;no;2024-11-01;no;lidl
Kartoffeln festkochend 2.5 kg;0.0;pro 2,5kg |;;;2.9;;Schweiz;;83225;https://sortiment.lidl.ch/de/kartoffeln-festkochend-2-5-kg-0083225;Gemüse;2024-11-04 17:18:40.294488;yes;;yes;9;yes;Gemüse;no;2024-11-04;4;2,5kg;2500g;0.12;g;;;;;;no;2024-11-03;no;lidl
Kartoffeln 2kg;0.0;pro 2kg | 1Kg = 1.16 CHF;;;2.32;;Schweiz;;83244;https://sortiment.lidl.ch/de/kartoffeln-2kg-0083244;Gemüse;2024-10-27 23:06:55.411551;yes;;no;2;no;Gemüse;no;2024-10-27;2;2kg;2000g;0.12;g;;;;;;no;;;lidl
Kartoffeln 2kg;0.0;pro 2kg | 1Kg = 1.16 CHF;;;2.32;;Schweiz;;83244;https://sortiment.lidl.ch/de/kartoffeln-2kg-0083244;Gemüse;2024-10-28 18:00:51.015288;yes;;no;2;no;Gemüse;no;2024-10-28;2;2kg;2000g;0.12;g;;;;;;no;2024-10-27;no;lidl
Kartoffeln 2kg;0.0;pro 2kg | 1Kg = 1.16 CHF;;;2.32;;Schweiz;;83244;https://sortiment.lidl.ch/de/kartoffeln-2kg-0083244;Gemüse;2024-10-29 19:54:18.207193;yes;;no;2;no;Gemüse;no;2024-10-29;2;2kg;2000g;0.12;g;;;;;;no;2024-10-28;no;lidl
Kartoffeln 2kg;0.0;pro 2kg | 1Kg = 1.16 CHF;;;2.32;;Schweiz;;83244;https://sortiment.lidl.ch/de/kartoffeln-2kg-0083244;Gemüse;2024-10-30 20:51:01.157397;yes;;no;2;no;Gemüse;no;2024-10-30;2;2kg;2000g;0.12;g;;;;;;no;2024-10-29;no;lidl
Kartoffeln 2kg;0.0;pro 2kg | 1Kg = 1.16 CHF;;;2.32;;Schweiz;;83244;https://sortiment.lidl.ch/de/kartoffeln-2kg-0083244;Gemüse;2024-10-31 10:28:23.800286;yes;;no;2;no;Gemüse;no;2024-10-31;2;2kg;2000g;0.12;g;;;;;;no;2024-10-30;no;lidl
Kartoffeln 2kg;0.0;pro 2kg | 1Kg = 1.16 CHF;;;2.32;;Schweiz;;83244;https://sortiment.lidl.ch/de/kartoffeln-2kg-0083244;Gemüse;2024-11-01 09:03:50.881119;yes;;no;2;no;Gemüse;no;2024-11-01;2;2kg;2000g;0.12;g;;;;;;no;2024-10-31;no;lidl
Kartoffeln 2kg;0.0;pro 2kg | 1Kg = 1.16 CHF;;;2.32;;Schweiz;;83244;https://sortiment.lidl.ch/de/kartoffeln-2kg-0083244;Gemüse;2024-11-03 17:40:10.068931;yes;;no;2;no;Gemüse;no;2024-11-03;2;2kg;2000g;0.12;g;;;;;;no;2024-11-01;no;lidl
Kartoffeln 2kg;0.0;pro 2kg | 1Kg = 1.16 CHF;;;2.32;;Schweiz;;83244;https://sortiment.lidl.ch/de/kartoffeln-2kg-0083244;Gemüse;2024-11-04 17:18:40.294488;yes;;no;2;no;Gemüse;no;2024-11-04;2;2kg;2000g;0.12;g;;;;;;no;2024-11-03;no;lidl
Kartoffeln mehligkochend 2.5kg;0.0;pro 2,5kg |;;;2.9;;Schweiz;;83275;https://sortiment.lidl.ch/de/kartoffeln-mehligkochend-2-5kg-0083275;Gemüse;2024-10-27 23:06:55.411551;yes;;yes;9;yes;Gemüse;no;2024-10-27;3;2,5kg;2500g;0.12;g;;;;;;no;;;lidl
Kartoffeln mehligkochend 2.5kg;0.0;pro 2,5kg |;;;2.9;;Schweiz;;83275;https://sortiment.lidl.ch/de/kartoffeln-mehligkochend-2-5kg-0083275;Gemüse;2024-10-28 18:00:51.015288;yes;;yes;9;yes;Gemüse;no;2024-10-28;3;2,5kg;2500g;0.12;g;;;;;;no;2024-10-27;no;lidl
Kartoffeln mehligkochend 2.5kg;0.0;pro 2,5kg |;;;2.9;;Schweiz;;83275;https://sortiment.lidl.ch/de/kartoffeln-mehligkochend-2-5kg-0083275;Gemüse;2024-10-29 19:54:18.207193;yes;;yes;9;yes;Gemüse;no;2024-10-29;3;2,5kg;2500g;0.12;g;;;;;;no;2024-10-28;no;lidl
Kartoffeln mehligkochend 2.5kg;0.0;pro 2,5kg |;;;2.9;;Schweiz;;83275;https://sortiment.lidl.ch/de/kartoffeln-mehligkochend-2-5kg-0083275;Gemüse;2024-10-30 20:51:01.157397;yes;;yes;9;yes;Gemüse;no;2024-10-30;3;2,5kg;2500g;0.12;g;;;;;;no;2024-10-29;no;lidl
Kartoffeln mehligkochend 2.5kg;0.0;pro 2,5kg |;;;2.9;;Schweiz;;83275;https://sortiment.lidl.ch/de/kartoffeln-mehligkochend-2-5kg-0083275;Gemüse;2024-10-31 10:28:23.800286;yes;;yes;9;yes;Gemüse;no;2024-10-31;3;2,5kg;2500g;0.12;g;;;;;;no;2024-10-30;no;lidl
Kartoffeln mehligkochend 2.5kg;0.0;pro 2,5kg |;;;2.9;;Schweiz;;83275;https://sortiment.lidl.ch/de/kartoffeln-mehligkochend-2-5kg-0083275;Gemüse;2024-11-01 09:03:50.881119;yes;;yes;9;yes;Gemüse;no;2024-11-01;3;2,5kg;2500g;0.12;g;;;;;;no;2024-10-31;no;lidl
Kartoffeln mehligkochend 2.5kg;0.0;pro 2,5kg |;;;2.9;;Schweiz;;83275;https://sortiment.lidl.ch/de/kartoffeln-mehligkochend-2-5kg-0083275;Gemüse;2024-11-03 17:40:10.068931;yes;;yes;9;yes;Gemüse;no;2024-11-03;3;2,5kg;2500g;0.12;g;;;;;;no;2024-11-01;no;lidl
Kartoffeln mehligkochend 2.5kg;0.0;pro 2,5kg |;;;2.9;;Schweiz;;83275;https://sortiment.lidl.ch/de/kartoffeln-mehligkochend-2-5kg-0083275;Gemüse;2024-11-04 17:18:40.294488;yes;;yes;9;yes;Gemüse;no;2024-11-04;3;2,5kg;2500g;0.12;g;;;;;;no;2024-11-03;no;lidl
Baked Potatoes 5kg;5.0;pro 5kg | 1Kg = 1.12 CHF;;;5.6;;Schweiz;;83318;https://sortiment.lidl.ch/de/baked-potatoes-5kg-0083318;Gemüse;2024-10-27 23:06:55.411551;yes;;yes;6;no;Gemüse;no;2024-10-27;3;5kg;5000g;0.11;g;;;;;;no;;;lidl
Baked Potatoes 5kg;5.0;pro 5kg | 1Kg = 1.12 CHF;;;5.6;;Schweiz;;83318;https://sortiment.lidl.ch/de/baked-potatoes-5kg-0083318;Gemüse;2024-10-28 18:00:51.015288;yes;;yes;6;no;Gemüse;no;2024-10-28;3;5kg;5000g;0.11;g;;;;;;no;2024-10-27;no;lidl
Baked Potatoes 5kg;5.0;pro 5kg | 1Kg = 1.12 CHF;;;5.6;;Schweiz;;83318;https://sortiment.lidl.ch/de/baked-potatoes-5kg-0083318;Gemüse;2024-10-29 19:54:18.207193;yes;;yes;6;no;Gemüse;no;2024-10-29;3;5kg;5000g;0.11;g;;;;;;no;2024-10-28;no;lidl
Baked Potatoes 5kg;5.0;pro 5kg | 1Kg = 1.12 CHF;;;5.6;;Schweiz;;83318;https://sortiment.lidl.ch/de/baked-potatoes-5kg-0083318;Gemüse;2024-10-30 20:51:01.157397;yes;;yes;6;no;Gemüse;no;2024-10-30;3;5kg;5000g;0.11;g;;;;;;no;2024-10-29;no;lidl
Baked Potatoes 5kg;5.0;pro 5kg | 1Kg = 1.12 CHF;;;5.6;;Schweiz;;83318;https://sortiment.lidl.ch/de/baked-potatoes-5kg-0083318;Gemüse;2024-10-31 10:28:23.800286;yes;;yes;6;no;Gemüse;no;2024-10-31;3;5kg;5000g;0.11;g;;;;;;no;2024-10-30;no;lidl
Baked Potatoes 5kg;5.0;pro 5kg | 1Kg = 1.12 CHF;;;5.6;;Schweiz;;83318;https://sortiment.lidl.ch/de/baked-potatoes-5kg-0083318;Gemüse;2024-11-01 09:03:50.881119;yes;;yes;6;no;Gemüse;no;2024-11-01;3;5kg;5000g;0.11;g;;;;;;no;2024-10-31;no;lidl
Baked Potatoes 5kg;5.0;pro 5kg | 1Kg = 1.12 CHF;;;5.6;;Schweiz;;83318;https://sortiment.lidl.ch/de/baked-potatoes-5kg-0083318;Gemüse;2024-11-03 17:40:10.068931;yes;;yes;6;no;Gemüse;no;2024-11-03;3;5kg;5000g;0.11;g;;;;;;no;2024-11-01;no;lidl
Baked Potatoes 5kg;5.0;pro 5kg | 1Kg = 1.12 CHF;;;5.6;;Schweiz;;83318;https://sortiment.lidl.ch/de/baked-potatoes-5kg-0083318;Gemüse;2024-11-04 17:18:40.294488;yes;;yes;6;no;Gemüse;no;2024-11-04;3;5kg;5000g;0.11;g;;;;;;no;2024-11-03;no;lidl
Zwiebeln gelb;0.0;pro 1kg |;;;1.59;;Schweiz;Terra Natura;83325;https://sortiment.lidl.ch/de/zwiebeln-gelb-0083325;Gemüse;2024-10-27 23:06:55.411551;yes;;no;9;yes;Gemüse;no;2024-10-27;2;1kg;1000g;0.16;g;;;;;;no;;;lidl
Zwiebeln gelb;0.0;pro 1kg |;;;1.59;;Schweiz;Terra Natura;83325;https://sortiment.lidl.ch/de/zwiebeln-gelb-0083325;Gemüse;2024-10-28 18:00:51.015288;yes;;no;9;yes;Gemüse;no;2024-10-28;2;1kg;1000g;0.16;g;;;;;;no;2024-10-27;no;lidl
Zwiebeln gelb;0.0;pro 1kg |;;;1.59;;Schweiz;Terra Natura;83325;https://sortiment.lidl.ch/de/zwiebeln-gelb-0083325;Gemüse;2024-10-29 19:54:18.207193;yes;;no;9;yes;Gemüse;no;2024-10-29;2;1kg;1000g;0.16;g;;;;;;no;2024-10-28;no;lidl
Zwiebeln gelb;0.0;pro 1kg |;;;1.59;;Schweiz;Terra Natura;83325;https://sortiment.lidl.ch/de/zwiebeln-gelb-0083325;Gemüse;2024-10-30 20:51:01.157397;yes;;no;9;yes;Gemüse;no;2024-10-30;2;1kg;1000g;0.16;g;;;;;;no;2024-10-29;no;lidl
Zwiebeln gelb;0.0;pro 1kg |;;;1.59;;Schweiz;Terra Natura;83325;https://sortiment.lidl.ch/de/zwiebeln-gelb-0083325;Gemüse;2024-10-31 10:28:23.800286;yes;;no;9;yes;Gemüse;no;2024-10-31;2;1kg;1000g;0.16;g;;;;;;no;2024-10-30;no;lidl
Zwiebeln gelb;0.0;pro 1kg |;;;1.59;;Schweiz;Terra Natura;83325;https://sortiment.lidl.ch/de/zwiebeln-gelb-0083325;Gemüse;2024-11-01 09:03:50.881119;yes;;no;9;yes;Gemüse;no;2024-11-01;2;1kg;1000g;0.16;g;;;;;;no;2024-10-31;no;lidl
Zwiebeln gelb;0.0;pro 1kg |;;;1.59;;Schweiz;Terra Natura;83325;https://sortiment.lidl.ch/de/zwiebeln-gelb-0083325;Gemüse;2024-11-03 17:40:10.068931;yes;;no;9;yes;Gemüse;no;2024-11-03;2;1kg;1000g;0.16;g;;;;;;no;2024-11-01;no;lidl
Zwiebeln gelb;0.0;pro 1kg |;;;1.59;;Schweiz;Terra Natura;83325;https://sortiment.lidl.ch/de/zwiebeln-gelb-0083325;Gemüse;2024-11-04 17:18:40.294488;yes;;no;9;yes;Gemüse;no;2024-11-04;2;1kg;1000g;0.16;g;;;;;;no;2024-11-03;no;lidl
Zwiebeln gelb 1kg;23.0;pro 1kg |;;;1.79;;Schweiz;Terra Natura;83331;https://sortiment.lidl.ch/de/zwiebeln-gelb-1kg-0083331;Gemüse;2024-10-27 23:06:55.411551;yes;;no;9;yes;Gemüse;no;2024-10-27;3;1kg;1000g;0.18;g;;;;;;no;;;lidl
Zwiebeln gelb 1kg;23.0;pro 1kg |;;;1.79;;Schweiz;Terra Natura;83331;https://sortiment.lidl.ch/de/zwiebeln-gelb-1kg-0083331;Gemüse;2024-10-28 18:00:51.015288;yes;;no;9;yes;Gemüse;no;2024-10-28;3;1kg;1000g;0.18;g;;;;;;no;2024-10-27;no;lidl
Zwiebeln gelb 1kg;23.0;pro 1kg |;;;1.79;;Schweiz;Terra Natura;83331;https://sortiment.lidl.ch/de/zwiebeln-gelb-1kg-0083331;Gemüse;2024-10-29 19:54:18.207193;yes;;no;9;yes;Gemüse;no;2024-10-29;3;1kg;1000g;0.18;g;;;;;;no;2024-10-28;no;lidl
Zwiebeln gelb 1kg;23.0;pro 1kg |;;;1.59;;Schweiz;Terra Natura;83331;https://sortiment.lidl.ch/de/zwiebeln-gelb-1kg-0083331;Gemüse;2024-10-30 20:51:01.157397;yes;;no;9;yes;Gemüse;no;2024-10-30;3;1kg;1000g;0.16;g;;;;;;no;2024-10-29;no;lidl
Zwiebeln gelb 1kg;23.0;pro 1kg |;;;1.59;;Schweiz;Terra Natura;83331;https://sortiment.lidl.ch/de/zwiebeln-gelb-1kg-0083331;Gemüse;2024-10-31 10:28:23.800286;yes;;no;9;yes;Gemüse;no;2024-10-31;3;1kg;1000g;0.16;g;;;;;;no;2024-10-30;no;lidl
Zwiebeln gelb 1kg;23.0;pro 1kg |;;;1.59;;Schweiz;Terra Natura;83331;https://sortiment.lidl.ch/de/zwiebeln-gelb-1kg-0083331;Gemüse;2024-11-01 09:03:50.881119;yes;;no;9;yes;Gemüse;no;2024-11-01;3;1kg;1000g;0.16;g;;;;;;no;2024-10-31;no;lidl
Zwiebeln gelb 1kg;23.0;pro 1kg |;;;1.59;;Schweiz;Terra Natura;83331;https://sortiment.lidl.ch/de/zwiebeln-gelb-1kg-0083331;Gemüse;2024-11-03 17:40:10.068931;yes;;no;9;yes;Gemüse;no;2024-11-03;3;1kg;1000g;0.16;g;;;;;;no;2024-11-01;no;lidl
Zwiebeln gelb 1kg;23.0;pro 1kg |;;;1.59;;Schweiz;Terra Natura;83331;https://sortiment.lidl.ch/de/zwiebeln-gelb-1kg-0083331;Gemüse;2024-11-04 17:18:40.294488;yes;;no;9;yes;Gemüse;no;2024-11-04;3;1kg;1000g;0.16;g;;;;;;no;2024-11-03;no;lidl
Zwiebeln 2kg;0.0;pro 2kg | 1Kg = 1.48 CHF;;;2.95;;Schweiz;Terra Natura;83333;https://sortiment.lidl.ch/de/zwiebeln-2kg-0083333;Gemüse;2024-10-27 23:06:55.411551;yes;;yes;5;no;Gemüse;no;2024-10-27;2;2kg;2000g;0.15;g;;;;;;no;;;lidl
Zwiebeln 2kg;0.0;pro 2kg | 1Kg = 1.48 CHF;;;2.95;;Schweiz;Terra Natura;83333;https://sortiment.lidl.ch/de/zwiebeln-2kg-0083333;Gemüse;2024-10-28 18:00:51.015288;yes;;yes;5;no;Gemüse;no;2024-10-28;2;2kg;2000g;0.15;g;;;;;;no;2024-10-27;no;lidl
Zwiebeln 2kg;0.0;pro 2kg | 1Kg = 1.48 CHF;;;2.95;;Schweiz;Terra Natura;83333;https://sortiment.lidl.ch/de/zwiebeln-2kg-0083333;Gemüse;2024-10-29 19:54:18.207193;yes;;yes;5;no;Gemüse;no;2024-10-29;2;2kg;2000g;0.15;g;;;;;;no;2024-10-28;no;lidl
Zwiebeln 2kg;0.0;pro 2kg | 1Kg = 1.48 CHF;;;2.95;;Schweiz;Terra Natura;83333;https://sortiment.lidl.ch/de/zwiebeln-2kg-0083333;Gemüse;2024-10-30 20:51:01.157397;yes;;yes;5;no;Gemüse;no;2024-10-30;2;2kg;2000g;0.15;g;;;;;;no;2024-10-29;no;lidl
Zwiebeln 2kg;0.0;pro 2kg | 1Kg = 1.48 CHF;;;2.95;;Schweiz;Terra Natura;83333;https://sortiment.lidl.ch/de/zwiebeln-2kg-0083333;Gemüse;2024-10-31 10:28:23.800286;yes;;yes;5;no;Gemüse;no;2024-10-31;2;2kg;2000g;0.15;g;;;;;;no;2024-10-30;no;lidl
Zwiebeln 2kg;0.0;pro 2kg | 1Kg = 1.48 CHF;;;2.95;;Schweiz;Terra Natura;83333;https://sortiment.lidl.ch/de/zwiebeln-2kg-0083333;Gemüse;2024-11-01 09:03:50.881119;yes;;yes;5;no;Gemüse;no;2024-11-01;2;2kg;2000g;0.15;g;;;;;;no;2024-10-31;no;lidl
Zwiebeln 2kg;0.0;pro 2kg | 1Kg = 1.48 CHF;;;2.95;;Schweiz;Terra Natura;83333;https://sortiment.lidl.ch/de/zwiebeln-2kg-0083333;Gemüse;2024-11-03 17:40:10.068931;yes;;yes;5;no;Gemüse;no;2024-11-03;2;2kg;2000g;0.15;g;;;;;;no;2024-11-01;no;lidl
Zwiebeln 2kg;0.0;pro 2kg | 1Kg = 1.48 CHF;;;2.95;;Schweiz;Terra Natura;83333;https://sortiment.lidl.ch/de/zwiebeln-2kg-0083333;Gemüse;2024-11-04 17:18:40.294488;yes;;yes;5;no;Gemüse;no;2024-11-04;2;2kg;2000g;0.15;g;;;;;;no;2024-11-03;no;lidl
Saucenzwiebeln Mix;0.0;pro 500g | 1Kg = 1.98 CHF;;;0.99;;Schweiz;Terra Natura;83343;https://sortiment.lidl.ch/de/saucenzwiebeln-mix-0083343;Gemüse;2024-10-27 23:06:55.411551;yes;;no;9;yes;Gemüse;no;2024-10-27;2;500g;500g;0.2;g;;;;;;no;;;lidl
Saucenzwiebeln Mix;0.0;pro 500g | 1Kg = 1.98 CHF;;;0.99;;Schweiz;Terra Natura;83343;https://sortiment.lidl.ch/de/saucenzwiebeln-mix-0083343;Gemüse;2024-10-28 18:00:51.015288;yes;;no;9;yes;Gemüse;no;2024-10-28;2;500g;500g;0.2;g;;;;;;no;2024-10-27;no;lidl
Saucenzwiebeln Mix;0.0;pro 500g | 1Kg = 1.98 CHF;;;0.99;;Schweiz;Terra Natura;83343;https://sortiment.lidl.ch/de/saucenzwiebeln-mix-0083343;Gemüse;2024-10-29 19:54:18.207193;yes;;no;9;yes;Gemüse;no;2024-10-29;2;500g;500g;0.2;g;;;;;;no;2024-10-28;no;lidl
Saucenzwiebeln Mix;0.0;pro 500g | 1Kg = 1.98 CHF;;;0.99;;Schweiz;Terra Natura;83343;https://sortiment.lidl.ch/de/saucenzwiebeln-mix-0083343;Gemüse;2024-10-30 20:51:01.157397;yes;;no;9;yes;Gemüse;no;2024-10-30;2;500g;500g;0.2;g;;;;;;no;2024-10-29;no;lidl
Saucenzwiebeln Mix;0.0;pro 500g | 1Kg = 1.98 CHF;;;0.99;;Schweiz;Terra Natura;83343;https://sortiment.lidl.ch/de/saucenzwiebeln-mix-0083343;Gemüse;2024-10-31 10:28:23.800286;yes;;no;9;yes;Gemüse;no;2024-10-31;2;500g;500g;0.2;g;;;;;;no;2024-10-30;no;lidl
Saucenzwiebeln Mix;0.0;pro 500g | 1Kg = 1.98 CHF;;;0.99;;Schweiz;Terra Natura;83343;https://sortiment.lidl.ch/de/saucenzwiebeln-mix-0083343;Gemüse;2024-11-01 09:03:50.881119;yes;;no;9;yes;Gemüse;no;2024-11-01;2;500g;500g;0.2;g;;;;;;no;2024-10-31;no;lidl
Saucenzwiebeln Mix;0.0;pro 500g | 1Kg = 1.98 CHF;;;0.99;;Schweiz;Terra Natura;83343;https://sortiment.lidl.ch/de/saucenzwiebeln-mix-0083343;Gemüse;2024-11-03 17:40:10.068931;yes;;no;9;yes;Gemüse;no;2024-11-03;2;500g;500g;0.2;g;;;;;;no;2024-11-01;no;lidl
Saucenzwiebeln Mix;0.0;pro 500g | 1Kg = 1.98 CHF;;;0.99;;Schweiz;Terra Natura;83343;https://sortiment.lidl.ch/de/saucenzwiebeln-mix-0083343;Gemüse;2024-11-04 17:18:40.294488;yes;;no;9;yes;Gemüse;no;2024-11-04;2;500g;500g;0.2;g;;;;;;no;2024-11-03;no;lidl
Zwiebeln rot;0.0;pro 1kg |;;;1.89;;Schweiz;Terra Natura;83345;https://sortiment.lidl.ch/de/zwiebeln-rot-0083345;Gemüse;2024-10-27 23:06:55.411551;yes;;no;9;yes;Gemüse;no;2024-10-27;2;1kg;1000g;0.19;g;;;;;;no;;;lidl
Zwiebeln rot;0.0;pro 1kg |;;;1.89;;Schweiz;Terra Natura;83345;https://sortiment.lidl.ch/de/zwiebeln-rot-0083345;Gemüse;2024-10-28 18:00:51.015288;yes;;no;9;yes;Gemüse;no;2024-10-28;2;1kg;1000g;0.19;g;;;;;;no;2024-10-27;no;lidl
Zwiebeln rot;0.0;pro 1kg |;;;1.89;;Schweiz;Terra Natura;83345;https://sortiment.lidl.ch/de/zwiebeln-rot-0083345;Gemüse;2024-10-29 19:54:18.207193;yes;;no;9;yes;Gemüse;no;2024-10-29;2;1kg;1000g;0.19;g;;;;;;no;2024-10-28;no;lidl
Zwiebeln rot;0.0;pro 1kg |;;;1.89;;Schweiz;Terra Natura;83345;https://sortiment.lidl.ch/de/zwiebeln-rot-0083345;Gemüse;2024-10-30 20:51:01.157397;yes;;no;9;yes;Gemüse;no;2024-10-30;2;1kg;1000g;0.19;g;;;;;;no;2024-10-29;no;lidl
Zwiebeln rot;0.0;pro 1kg |;;;1.79;;Schweiz;Terra Natura;83345;https://sortiment.lidl.ch/de/zwiebeln-rot-0083345;Gemüse;2024-10-31 10:28:23.800286;yes;;no;9;yes;Gemüse;no;2024-10-31;2;1kg;1000g;0.18;g;;;;;;no;2024-10-30;no;lidl
Zwiebeln rot;0.0;pro 1kg |;;;1.79;;Schweiz;Terra Natura;83345;https://sortiment.lidl.ch/de/zwiebeln-rot-0083345;Gemüse;2024-11-01 09:03:50.881119;yes;;no;9;yes;Gemüse;no;2024-11-01;2;1kg;1000g;0.18;g;;;;;;no;2024-10-31;no;lidl
Zwiebeln rot;0.0;pro 1kg |;;;1.79;;Schweiz;Terra Natura;83345;https://sortiment.lidl.ch/de/zwiebeln-rot-0083345;Gemüse;2024-11-03 17:40:10.068931;yes;;no;9;yes;Gemüse;no;2024-11-03;2;1kg;1000g;0.18;g;;;;;;no;2024-11-01;no;lidl
Zwiebeln rot;0.0;pro 1kg |;;;1.79;;Schweiz;Terra Natura;83345;https://sortiment.lidl.ch/de/zwiebeln-rot-0083345;Gemüse;2024-11-04 17:18:40.294488;yes;;no;9;yes;Gemüse;no;2024-11-04;2;1kg;1000g;0.18;g;;;;;;no;2024-11-03;no;lidl
Zwiebeln rot 1kg;11.0;pro 1kg |;;;1.79;;variabel;Terra Natura;83352;https://sortiment.lidl.ch/de/zwiebeln-rot-1kg-0083352;Gemüse;2024-10-27 23:06:55.411551;no;;no;9;yes;Gemüse;no;2024-10-27;3;1kg;1000g;0.18;g;;;;;;no;;;lidl
Zwiebeln rot 1kg;11.0;pro 1kg |;;;1.79;;variabel;Terra Natura;83352;https://sortiment.lidl.ch/de/zwiebeln-rot-1kg-0083352;Gemüse;2024-10-28 18:00:51.015288;no;;no;9;yes;Gemüse;no;2024-10-28;3;1kg;1000g;0.18;g;;;;;;no;2024-10-27;no;lidl
Zwiebeln rot 1kg;11.0;pro 1kg |;;;1.79;;variabel;Terra Natura;83352;https://sortiment.lidl.ch/de/zwiebeln-rot-1kg-0083352;Gemüse;2024-10-29 19:54:18.207193;no;;no;9;yes;Gemüse;no;2024-10-29;3;1kg;1000g;0.18;g;;;;;;no;2024-10-28;no;lidl
Zwiebeln rot 1kg;11.0;pro 1kg |;;;1.79;;variabel;Terra Natura;83352;https://sortiment.lidl.ch/de/zwiebeln-rot-1kg-0083352;Gemüse;2024-10-30 20:51:01.157397;no;;no;9;yes;Gemüse;no;2024-10-30;3;1kg;1000g;0.18;g;;;;;;no;2024-10-29;no;lidl
Zwiebeln rot 1kg;11.0;pro 1kg |;;;1.79;;variabel;Terra Natura;83352;https://sortiment.lidl.ch/de/zwiebeln-rot-1kg-0083352;Gemüse;2024-10-31 10:28:23.800286;no;;no;9;yes;Gemüse;no;2024-10-31;3;1kg;1000g;0.18;g;;;;;;no;2024-10-30;no;lidl
Zwiebeln rot 1kg;11.0;pro 1kg |;;;1.79;;variabel;Terra Natura;83352;https://sortiment.lidl.ch/de/zwiebeln-rot-1kg-0083352;Gemüse;2024-11-01 09:03:50.881119;no;;no;9;yes;Gemüse;no;2024-11-01;3;1kg;1000g;0.18;g;;;;;;no;2024-10-31;no;lidl
Zwiebeln rot 1kg;11.0;pro 1kg |;;;1.79;;variabel;Terra Natura;83352;https://sortiment.lidl.ch/de/zwiebeln-rot-1kg-0083352;Gemüse;2024-11-03 17:40:10.068931;no;;no;9;yes;Gemüse;no;2024-11-03;3;1kg;1000g;0.18;g;;;;;;no;2024-11-01;no;lidl
Zwiebeln rot 1kg;11.0;pro 1kg |;;;1.79;;variabel;Terra Natura;83352;https://sortiment.lidl.ch/de/zwiebeln-rot-1kg-0083352;Gemüse;2024-11-04 17:18:40.294488;no;;no;9;yes;Gemüse;no;2024-11-04;3;1kg;1000g;0.18;g;;;;;;no;2024-11-03;no;lidl
Schalotten 500g;5.0;pro 500g | 1Kg = 3.30 CHF;;;1.65;;Schweiz;Terra Natura;83377;https://sortiment.lidl.ch/de/schalotten-500g-0083377;Gemüse;2024-10-27 23:06:55.411551;yes;;no;5;no;Gemüse;no;2024-10-27;2;500g;500g;0.33;g;;;;;;no;;;lidl
Schalotten 500g;5.0;pro 500g | 1Kg = 3.30 CHF;;;1.65;;Schweiz;Terra Natura;83377;https://sortiment.lidl.ch/de/schalotten-500g-0083377;Gemüse;2024-10-28 18:00:51.015288;yes;;no;5;no;Gemüse;no;2024-10-28;2;500g;500g;0.33;g;;;;;;no;2024-10-27;no;lidl
Schalotten 500g;5.0;pro 500g | 1Kg = 3.30 CHF;;;1.65;;Schweiz;Terra Natura;83377;https://sortiment.lidl.ch/de/schalotten-500g-0083377;Gemüse;2024-10-29 19:54:18.207193;yes;;no;5;no;Gemüse;no;2024-10-29;2;500g;500g;0.33;g;;;;;;no;2024-10-28;no;lidl
Schalotten 500g;5.0;pro 500g | 1Kg = 3.30 CHF;;;1.65;;Schweiz;Terra Natura;83377;https://sortiment.lidl.ch/de/schalotten-500g-0083377;Gemüse;2024-10-30 20:51:01.157397;yes;;no;5;no;Gemüse;no;2024-10-30;2;500g;500g;0.33;g;;;;;;no;2024-10-29;no;lidl
Schalotten 500g;5.0;pro 500g | 1Kg = 3.30 CHF;;;1.65;;Schweiz;Terra Natura;83377;https://sortiment.lidl.ch/de/schalotten-500g-0083377;Gemüse;2024-10-31 10:28:23.800286;yes;;no;5;no;Gemüse;no;2024-10-31;2;500g;500g;0.33;g;;;;;;no;2024-10-30;no;lidl
Schalotten 500g;5.0;pro 500g | 1Kg = 3.30 CHF;;;1.65;;Schweiz;Terra Natura;83377;https://sortiment.lidl.ch/de/schalotten-500g-0083377;Gemüse;2024-11-01 09:03:50.881119;yes;;no;5;no;Gemüse;no;2024-11-01;2;500g;500g;0.33;g;;;;;;no;2024-10-31;no;lidl
Schalotten 500g;5.0;pro 500g | 1Kg = 3.30 CHF;;;1.65;;Schweiz;Terra Natura;83377;https://sortiment.lidl.ch/de/schalotten-500g-0083377;Gemüse;2024-11-03 17:40:10.068931;yes;;no;5;no;Gemüse;no;2024-11-03;2;500g;500g;0.33;g;;;;;;no;2024-11-01;no;lidl
Schalotten 500g;5.0;pro 500g | 1Kg = 3.30 CHF;;;1.65;;Schweiz;Terra Natura;83377;https://sortiment.lidl.ch/de/schalotten-500g-0083377;Gemüse;2024-11-04 17:18:40.294488;yes;;no;5;no;Gemüse;no;2024-11-04;2;500g;500g;0.33;g;;;;;;no;2024-11-03;no;lidl
Rüebli Terra Natura 2,5kg;0.0;pro 2,5kg | 1Kg = 1.60 CHF;;;3.99;;Schweiz;;83670;https://sortiment.lidl.ch/de/rueebli-terra-natura-2-5kg-0083670;Gemüse;2024-10-27 23:06:55.411551;yes;;yes;9;yes;Gemüse;no;2024-10-27;4;2,5kg;2500g;0.16;g;;;;;;no;;;lidl
Rüebli Terra Natura 2,5kg;0.0;pro 2,5kg | 1Kg = 1.60 CHF;;;3.99;;Schweiz;;83670;https://sortiment.lidl.ch/de/rueebli-terra-natura-2-5kg-0083670;Gemüse;2024-10-28 18:00:51.015288;yes;;yes;9;yes;Gemüse;no;2024-10-28;4;2,5kg;2500g;0.16;g;;;;;;no;2024-10-27;no;lidl
Rüebli Terra Natura 2,5kg;0.0;pro 2,5kg | 1Kg = 1.60 CHF;;;3.99;;Schweiz;;83670;https://sortiment.lidl.ch/de/rueebli-terra-natura-2-5kg-0083670;Gemüse;2024-10-29 19:54:18.207193;yes;;yes;9;yes;Gemüse;no;2024-10-29;4;2,5kg;2500g;0.16;g;;;;;;no;2024-10-28;no;lidl
Rüebli Terra Natura 2,5kg;0.0;pro 2,5kg | 1Kg = 1.60 CHF;;;3.99;;Schweiz;;83670;https://sortiment.lidl.ch/de/rueebli-terra-natura-2-5kg-0083670;Gemüse;2024-10-30 20:51:01.157397;yes;;yes;9;yes;Gemüse;no;2024-10-30;4;2,5kg;2500g;0.16;g;;;;;;no;2024-10-29;no;lidl
Rüebli Terra Natura 2,5kg;0.0;pro 2,5kg | 1Kg = 1.60 CHF;;;3.99;;Schweiz;;83670;https://sortiment.lidl.ch/de/rueebli-terra-natura-2-5kg-0083670;Gemüse;2024-10-31 10:28:23.800286;yes;;yes;9;yes;Gemüse;no;2024-10-31;4;2,5kg;2500g;0.16;g;;;;;;no;2024-10-30;no;lidl
Rüebli Terra Natura 2,5kg;0.0;pro 2,5kg | 1Kg = 1.60 CHF;;;3.99;;Schweiz;;83670;https://sortiment.lidl.ch/de/rueebli-terra-natura-2-5kg-0083670;Gemüse;2024-11-01 09:03:50.881119;yes;;yes;9;yes;Gemüse;no;2024-11-01;4;2,5kg;2500g;0.16;g;;;;;;no;2024-10-31;no;lidl
Rüebli Terra Natura 2,5kg;0.0;pro 2,5kg | 1Kg = 1.60 CHF;;;3.99;;Schweiz;;83670;https://sortiment.lidl.ch/de/rueebli-terra-natura-2-5kg-0083670;Gemüse;2024-11-03 17:40:10.068931;yes;;yes;9;yes;Gemüse;no;2024-11-03;4;2,5kg;2500g;0.16;g;;;;;;no;2024-11-01;no;lidl
Rüebli Terra Natura 2,5kg;0.0;pro 2,5kg | 1Kg = 1.60 CHF;;;3.99;;Schweiz;;83670;https://sortiment.lidl.ch/de/rueebli-terra-natura-2-5kg-0083670;Gemüse;2024-11-04 17:18:40.294488;yes;;yes;9;yes;Gemüse;no;2024-11-04;4;2,5kg;2500g;0.16;g;;;;;;no;2024-11-03;no;lidl
BIO Buschbohnen 350g;6.0;pro 350g | 100g = 0.77 CHF;;;2.69;;Spanien;BIO Organic;84387;https://sortiment.lidl.ch/de/bio-buschbohnen-350g-0084387;Gemüse;2024-10-27 23:06:55.411551;no;;yes;9;yes;Gemüse;yes;2024-10-27;3;350g;350g;0.77;g;;;;;;no;;;lidl
BIO Buschbohnen 350g;6.0;pro 350g | 100g = 0.77 CHF;;;2.69;;Spanien;BIO Organic;84387;https://sortiment.lidl.ch/de/bio-buschbohnen-350g-0084387;Gemüse;2024-10-28 18:00:51.015288;no;;yes;9;yes;Gemüse;yes;2024-10-28;3;350g;350g;0.77;g;;;;;;no;2024-10-27;no;lidl
BIO Buschbohnen 350g;6.0;pro 350g | 100g = 0.77 CHF;;;2.69;;Spanien;BIO Organic;84387;https://sortiment.lidl.ch/de/bio-buschbohnen-350g-0084387;Gemüse;2024-10-29 19:54:18.207193;no;;yes;9;yes;Gemüse;yes;2024-10-29;3;350g;350g;0.77;g;;;;;;no;2024-10-28;no;lidl
BIO Buschbohnen 350g;6.0;pro 350g | 100g = 0.77 CHF;;;2.69;;Spanien;BIO Organic;84387;https://sortiment.lidl.ch/de/bio-buschbohnen-350g-0084387;Gemüse;2024-10-30 20:51:01.157397;no;;yes;9;yes;Gemüse;yes;2024-10-30;3;350g;350g;0.77;g;;;;;;no;2024-10-29;no;lidl
BIO Buschbohnen 350g;6.0;pro 350g | 100g = 0.77 CHF;;;2.69;;Spanien;BIO Organic;84387;https://sortiment.lidl.ch/de/bio-buschbohnen-350g-0084387;Gemüse;2024-10-31 10:28:23.800286;no;;yes;9;yes;Gemüse;yes;2024-10-31;3;350g;350g;0.77;g;;;;;;no;2024-10-30;no;lidl
BIO Buschbohnen 350g;6.0;pro 350g | 100g = 0.77 CHF;;;2.69;;Spanien;BIO Organic;84387;https://sortiment.lidl.ch/de/bio-buschbohnen-350g-0084387;Gemüse;2024-11-01 09:03:50.881119;no;;yes;9;yes;Gemüse;yes;2024-11-01;3;350g;350g;0.77;g;;;;;;no;2024-10-31;no;lidl
BIO Buschbohnen 350g;6.0;pro 350g | 100g = 0.77 CHF;;;2.69;;Spanien;BIO Organic;84387;https://sortiment.lidl.ch/de/bio-buschbohnen-350g-0084387;Gemüse;2024-11-03 17:40:10.068931;no;;yes;9;yes;Gemüse;yes;2024-11-03;3;350g;350g;0.77;g;;;;;;no;2024-11-01;no;lidl
BIO Buschbohnen 350g;6.0;pro 350g | 100g = 0.77 CHF;;;2.69;;Spanien;BIO Organic;84387;https://sortiment.lidl.ch/de/bio-buschbohnen-350g-0084387;Gemüse;2024-11-04 17:18:40.294488;no;;yes;9;yes;Gemüse;yes;2024-11-04;3;350g;350g;0.77;g;;;;;;no;2024-11-03;no;lidl
Bio Gurken;0.0;pro 250g | 100g = 0.60 CHF;;;1.49;;Spanien;BIO Organic;84430;https://sortiment.lidl.ch/de/bio-gurken-0084430;Gemüse;2024-10-27 23:06:55.411551;no;;no;9;yes;Gemüse;yes;2024-10-27;2;250g;250g;0.6;g;;;;;;no;;;lidl
Bio Gurken;0.0;pro 250g | 100g = 0.60 CHF;;;1.49;;Spanien;BIO Organic;84430;https://sortiment.lidl.ch/de/bio-gurken-0084430;Gemüse;2024-10-28 18:00:51.015288;no;;no;9;yes;Gemüse;yes;2024-10-28;2;250g;250g;0.6;g;;;;;;no;2024-10-27;no;lidl
Bio Gurken;0.0;pro 250g | 100g = 0.60 CHF;;;1.49;;Spanien;BIO Organic;84430;https://sortiment.lidl.ch/de/bio-gurken-0084430;Gemüse;2024-10-29 19:54:18.207193;no;;no;9;yes;Gemüse;yes;2024-10-29;2;250g;250g;0.6;g;;;;;;no;2024-10-28;no;lidl
Bio Gurken;0.0;pro 250g | 100g = 0.60 CHF;;;1.49;;Spanien;BIO Organic;84430;https://sortiment.lidl.ch/de/bio-gurken-0084430;Gemüse;2024-10-30 20:51:01.157397;no;;no;9;yes;Gemüse;yes;2024-10-30;2;250g;250g;0.6;g;;;;;;no;2024-10-29;no;lidl
Bio Gurken;0.0;pro 250g | 100g = 0.60 CHF;;;1.49;;Spanien;BIO Organic;84430;https://sortiment.lidl.ch/de/bio-gurken-0084430;Gemüse;2024-10-31 10:28:23.800286;no;;no;9;yes;Gemüse;yes;2024-10-31;2;250g;250g;0.6;g;;;;;;no;2024-10-30;no;lidl
Bio Gurken;0.0;pro 250g | 100g = 0.60 CHF;;;1.49;;Spanien;BIO Organic;84430;https://sortiment.lidl.ch/de/bio-gurken-0084430;Gemüse;2024-11-01 09:03:50.881119;no;;no;9;yes;Gemüse;yes;2024-11-01;2;250g;250g;0.6;g;;;;;;no;2024-10-31;no;lidl
Bio Gurken;0.0;pro 250g | 100g = 0.60 CHF;;;1.49;;Spanien;BIO Organic;84430;https://sortiment.lidl.ch/de/bio-gurken-0084430;Gemüse;2024-11-03 17:40:10.068931;no;;no;9;yes;Gemüse;yes;2024-11-03;2;250g;250g;0.6;g;;;;;;no;2024-11-01;no;lidl
Bio Gurken;0.0;pro 250g | 100g = 0.60 CHF;;;1.49;;Spanien;BIO Organic;84430;https://sortiment.lidl.ch/de/bio-gurken-0084430;Gemüse;2024-11-04 17:18:40.294488;no;;no;9;yes;Gemüse;yes;2024-11-04;2;250g;250g;0.6;g;;;;;;no;2024-11-03;no;lidl
Bio Baby Spinat 100g;24.0;pro 100g |;;;1.29;;Italien;BIO Organic;84440;https://sortiment.lidl.ch/de/bio-baby-spinat-100g-0084440;Gemüse;2024-10-27 23:06:55.411551;no;;no;9;yes;Gemüse;yes;2024-10-27;4;100g;100g;1.29;g;;;;;;no;;;lidl
Bio Baby Spinat 100g;24.0;pro 100g |;;;1.29;;Italien;BIO Organic;84440;https://sortiment.lidl.ch/de/bio-baby-spinat-100g-0084440;Gemüse;2024-10-28 18:00:51.015288;no;;no;9;yes;Gemüse;yes;2024-10-28;4;100g;100g;1.29;g;;;;;;no;2024-10-27;no;lidl
Bio Baby Spinat 100g;24.0;pro 100g |;;;1.29;;Italien;BIO Organic;84440;https://sortiment.lidl.ch/de/bio-baby-spinat-100g-0084440;Gemüse;2024-10-29 19:54:18.207193;no;;no;9;yes;Gemüse;yes;2024-10-29;4;100g;100g;1.29;g;;;;;;no;2024-10-28;no;lidl
Bio Baby Spinat 100g;24.0;pro 100g |;;;1.29;;Italien;BIO Organic;84440;https://sortiment.lidl.ch/de/bio-baby-spinat-100g-0084440;Gemüse;2024-10-30 20:51:01.157397;no;;no;9;yes;Gemüse;yes;2024-10-30;4;100g;100g;1.29;g;;;;;;no;2024-10-29;no;lidl
Bio Baby Spinat 100g;24.0;pro 100g |;;;1.29;;Italien;BIO Organic;84440;https://sortiment.lidl.ch/de/bio-baby-spinat-100g-0084440;Gemüse;2024-10-31 10:28:23.800286;no;;no;9;yes;Gemüse;yes;2024-10-31;4;100g;100g;1.29;g;;;;;;no;2024-10-30;no;lidl
Bio Baby Spinat 100g;24.0;pro 100g |;;;1.29;;Italien;BIO Organic;84440;https://sortiment.lidl.ch/de/bio-baby-spinat-100g-0084440;Gemüse;2024-11-01 09:03:50.881119;no;;no;9;yes;Gemüse;yes;2024-11-01;4;100g;100g;1.29;g;;;;;;no;2024-10-31;no;lidl
Bio Baby Spinat 100g;24.0;pro 100g |;;;1.29;;Italien;BIO Organic;84440;https://sortiment.lidl.ch/de/bio-baby-spinat-100g-0084440;Gemüse;2024-11-03 17:40:10.068931;no;;no;9;yes;Gemüse;yes;2024-11-03;4;100g;100g;1.29;g;;;;;;no;2024-11-01;no;lidl
Bio Baby Spinat 100g;24.0;pro 100g |;;;1.29;;Italien;BIO Organic;84440;https://sortiment.lidl.ch/de/bio-baby-spinat-100g-0084440;Gemüse;2024-11-04 17:18:40.294488;no;;no;9;yes;Gemüse;yes;2024-11-04;4;100g;100g;1.29;g;;;;;;no;2024-11-03;no;lidl
Bio Snack Rüebli 200g;25.0;pro 200g | 100g = 0.85 CHF;;;1.69;;variabel;BIO Organic;84449;https://sortiment.lidl.ch/de/bio-snack-rueebli-200g-0084449;Gemüse;2024-10-27 23:06:55.411551;no;;no;9;yes;Gemüse;yes;2024-10-27;4;200g;200g;0.84;g;;;;;;no;;;lidl
Bio Snack Rüebli 200g;25.0;pro 200g | 100g = 0.85 CHF;;;1.69;;variabel;BIO Organic;84449;https://sortiment.lidl.ch/de/bio-snack-rueebli-200g-0084449;Gemüse;2024-10-28 18:00:51.015288;no;;no;9;yes;Gemüse;yes;2024-10-28;4;200g;200g;0.84;g;;;;;;no;2024-10-27;no;lidl
Bio Snack Rüebli 200g;25.0;pro 200g | 100g = 0.85 CHF;;;1.69;;variabel;BIO Organic;84449;https://sortiment.lidl.ch/de/bio-snack-rueebli-200g-0084449;Gemüse;2024-10-29 19:54:18.207193;no;;no;9;yes;Gemüse;yes;2024-10-29;4;200g;200g;0.84;g;;;;;;no;2024-10-28;no;lidl
Bio Snack Rüebli 200g;25.0;pro 200g | 100g = 0.85 CHF;;;1.69;;variabel;BIO Organic;84449;https://sortiment.lidl.ch/de/bio-snack-rueebli-200g-0084449;Gemüse;2024-10-30 20:51:01.157397;no;;no;9;yes;Gemüse;yes;2024-10-30;4;200g;200g;0.84;g;;;;;;no;2024-10-29;no;lidl
Bio Snack Rüebli 200g;25.0;pro 200g | 100g = 0.85 CHF;;;1.69;;variabel;BIO Organic;84449;https://sortiment.lidl.ch/de/bio-snack-rueebli-200g-0084449;Gemüse;2024-10-31 10:28:23.800286;no;;no;9;yes;Gemüse;yes;2024-10-31;4;200g;200g;0.84;g;;;;;;no;2024-10-30;no;lidl
Bio Snack Rüebli 200g;25.0;pro 200g | 100g = 0.85 CHF;;;1.69;;variabel;BIO Organic;84449;https://sortiment.lidl.ch/de/bio-snack-rueebli-200g-0084449;Gemüse;2024-11-01 09:03:50.881119;no;;no;9;yes;Gemüse;yes;2024-11-01;4;200g;200g;0.84;g;;;;;;no;2024-10-31;no;lidl
Bio Snack Rüebli 200g;25.0;pro 200g | 100g = 0.85 CHF;;;1.69;;variabel;BIO Organic;84449;https://sortiment.lidl.ch/de/bio-snack-rueebli-200g-0084449;Gemüse;2024-11-03 17:40:10.068931;no;;no;9;yes;Gemüse;yes;2024-11-03;4;200g;200g;0.84;g;;;;;;no;2024-11-01;no;lidl
Bio Snack Rüebli 200g;25.0;pro 200g | 100g = 0.85 CHF;;;1.69;;variabel;BIO Organic;84449;https://sortiment.lidl.ch/de/bio-snack-rueebli-200g-0084449;Gemüse;2024-11-04 17:18:40.294488;no;;no;9;yes;Gemüse;yes;2024-11-04;4;200g;200g;0.84;g;;;;;;no;2024-11-03;no;lidl
Bio Kohlmix;0.0;pro Stück |;;;2.49;;Schweiz;BIO Organic;84457;https://sortiment.lidl.ch/de/bio-kohlmix-0084457;Gemüse;2024-10-27 23:06:55.411551;yes;;yes;9;yes;Gemüse;yes;2024-10-27;2;Stück;1 Stück;2.49;Stück;;;;;;no;;;lidl
Bio Kohlmix;0.0;pro Stück |;;;2.49;;Schweiz;BIO Organic;84457;https://sortiment.lidl.ch/de/bio-kohlmix-0084457;Gemüse;2024-10-28 18:00:51.015288;yes;;yes;9;yes;Gemüse;yes;2024-10-28;2;Stück;1 Stück;2.49;Stück;;;;;;no;2024-10-27;no;lidl
Bio Kohlmix;0.0;pro Stück |;;;2.49;;Schweiz;BIO Organic;84457;https://sortiment.lidl.ch/de/bio-kohlmix-0084457;Gemüse;2024-10-29 19:54:18.207193;yes;;yes;9;yes;Gemüse;yes;2024-10-29;2;Stück;1 Stück;2.49;Stück;;;;;;no;2024-10-28;no;lidl
Bio Kohlmix;0.0;pro Stück |;;;2.49;;Schweiz;BIO Organic;84457;https://sortiment.lidl.ch/de/bio-kohlmix-0084457;Gemüse;2024-10-30 20:51:01.157397;yes;;yes;9;yes;Gemüse;yes;2024-10-30;2;Stück;1 Stück;2.49;Stück;;;;;;no;2024-10-29;no;lidl
Bio Kohlmix;0.0;pro Stück |;;;2.49;;Schweiz;BIO Organic;84457;https://sortiment.lidl.ch/de/bio-kohlmix-0084457;Gemüse;2024-10-31 10:28:23.800286;yes;;yes;9;yes;Gemüse;yes;2024-10-31;2;Stück;1 Stück;2.49;Stück;;;;;;no;2024-10-30;no;lidl
Bio Kohlmix;0.0;pro Stück |;;;2.49;;Schweiz;BIO Organic;84457;https://sortiment.lidl.ch/de/bio-kohlmix-0084457;Gemüse;2024-11-01 09:03:50.881119;yes;;yes;9;yes;Gemüse;yes;2024-11-01;2;Stück;1 Stück;2.49;Stück;;;;;;no;2024-10-31;no;lidl
Bio Kohlmix;0.0;pro Stück |;;;2.49;;Schweiz;BIO Organic;84457;https://sortiment.lidl.ch/de/bio-kohlmix-0084457;Gemüse;2024-11-03 17:40:10.068931;yes;;yes;9;yes;Gemüse;yes;2024-11-03;2;Stück;1 Stück;2.49;Stück;;;;;;no;2024-11-01;no;lidl
Bio Kohlmix;0.0;pro Stück |;;;2.49;;Schweiz;BIO Organic;84457;https://sortiment.lidl.ch/de/bio-kohlmix-0084457;Gemüse;2024-11-04 17:18:40.294488;yes;;yes;9;yes;Gemüse;yes;2024-11-04;2;Stück;1 Stück;2.49;Stück;;;;;;no;2024-11-03;no;lidl
BIO Stangen-Sellerie 500g;2.0;pro 500g | 1Kg = 6.98 CHF;;;3.49;;Schweiz;BIO Organic;84458;https://sortiment.lidl.ch/de/bio-stangen-sellerie-500g-0084458;Gemüse;2024-10-27 23:06:55.411551;yes;;yes;9;yes;Gemüse;yes;2024-10-27;3;500g;500g;0.7;g;;;;;;no;;;lidl
BIO Stangen-Sellerie 500g;2.0;pro 500g | 1Kg = 6.98 CHF;;;3.49;;Schweiz;BIO Organic;84458;https://sortiment.lidl.ch/de/bio-stangen-sellerie-500g-0084458;Gemüse;2024-10-28 18:00:51.015288;yes;;yes;9;yes;Gemüse;yes;2024-10-28;3;500g;500g;0.7;g;;;;;;no;2024-10-27;no;lidl
BIO Stangen-Sellerie 500g;2.0;pro 500g | 1Kg = 6.98 CHF;;;3.49;;Schweiz;BIO Organic;84458;https://sortiment.lidl.ch/de/bio-stangen-sellerie-500g-0084458;Gemüse;2024-10-29 19:54:18.207193;yes;;yes;9;yes;Gemüse;yes;2024-10-29;3;500g;500g;0.7;g;;;;;;no;2024-10-28;no;lidl
BIO Stangen-Sellerie 500g;2.0;pro 500g | 1Kg = 6.98 CHF;;;3.49;;Schweiz;BIO Organic;84458;https://sortiment.lidl.ch/de/bio-stangen-sellerie-500g-0084458;Gemüse;2024-10-30 20:51:01.157397;yes;;yes;9;yes;Gemüse;yes;2024-10-30;3;500g;500g;0.7;g;;;;;;no;2024-10-29;no;lidl
BIO Stangen-Sellerie 500g;2.0;pro 500g | 1Kg = 6.98 CHF;;;3.49;;Schweiz;BIO Organic;84458;https://sortiment.lidl.ch/de/bio-stangen-sellerie-500g-0084458;Gemüse;2024-10-31 10:28:23.800286;yes;;yes;9;yes;Gemüse;yes;2024-10-31;3;500g;500g;0.7;g;;;;;;no;2024-10-30;no;lidl
BIO Stangen-Sellerie 500g;2.0;pro 500g | 1Kg = 6.98 CHF;;;3.49;;Schweiz;BIO Organic;84458;https://sortiment.lidl.ch/de/bio-stangen-sellerie-500g-0084458;Gemüse;2024-11-01 09:03:50.881119;yes;;yes;9;yes;Gemüse;yes;2024-11-01;3;500g;500g;0.7;g;;;;;;no;2024-10-31;no;lidl
BIO Stangen-Sellerie 500g;2.0;pro 500g | 1Kg = 6.98 CHF;;;3.49;;Schweiz;BIO Organic;84458;https://sortiment.lidl.ch/de/bio-stangen-sellerie-500g-0084458;Gemüse;2024-11-03 17:40:10.068931;yes;;yes;9;yes;Gemüse;yes;2024-11-03;3;500g;500g;0.7;g;;;;;;no;2024-11-01;no;lidl
BIO Stangen-Sellerie 500g;2.0;pro 500g | 1Kg = 6.98 CHF;;;3.49;;Schweiz;BIO Organic;84458;https://sortiment.lidl.ch/de/bio-stangen-sellerie-500g-0084458;Gemüse;2024-11-04 17:18:40.294488;yes;;yes;9;yes;Gemüse;yes;2024-11-04;3;500g;500g;0.7;g;;;;;;no;2024-11-03;no;lidl
Bio Nüsslisalat 125g;0.0;pro 125g | 100g = 3.20 CHF;;;3.99;;Schweiz;BIO Organic;84510;https://sortiment.lidl.ch/de/bio-nuesslisalat-125g-0084510;Gemüse;2024-10-27 23:06:55.411551;yes;;yes;9;yes;Gemüse;yes;2024-10-27;3;125g;125g;3.19;g;;;;;;no;;;lidl
Bio Nüsslisalat 125g;0.0;pro 125g | 100g = 3.20 CHF;;;3.99;;Schweiz;BIO Organic;84510;https://sortiment.lidl.ch/de/bio-nuesslisalat-125g-0084510;Gemüse;2024-10-28 18:00:51.015288;yes;;yes;9;yes;Gemüse;yes;2024-10-28;3;125g;125g;3.19;g;;;;;;no;2024-10-27;no;lidl
Bio Nüsslisalat 125g;0.0;pro 125g | 100g = 3.20 CHF;;;3.99;;Schweiz;BIO Organic;84510;https://sortiment.lidl.ch/de/bio-nuesslisalat-125g-0084510;Gemüse;2024-10-29 19:54:18.207193;yes;;yes;9;yes;Gemüse;yes;2024-10-29;3;125g;125g;3.19;g;;;;;;no;2024-10-28;no;lidl
Bio Nüsslisalat 125g;0.0;pro 125g | 100g = 3.20 CHF;;;3.99;;Schweiz;BIO Organic;84510;https://sortiment.lidl.ch/de/bio-nuesslisalat-125g-0084510;Gemüse;2024-10-30 20:51:01.157397;yes;;yes;9;yes;Gemüse;yes;2024-10-30;3;125g;125g;3.19;g;;;;;;no;2024-10-29;no;lidl
Bio Nüsslisalat 125g;0.0;pro 125g | 100g = 3.20 CHF;;;3.99;;Schweiz;BIO Organic;84510;https://sortiment.lidl.ch/de/bio-nuesslisalat-125g-0084510;Gemüse;2024-10-31 10:28:23.800286;yes;;yes;9;yes;Gemüse;yes;2024-10-31;3;125g;125g;3.19;g;;;;;;no;2024-10-30;no;lidl
Bio Nüsslisalat 125g;0.0;pro 125g | 100g = 3.20 CHF;;;3.99;;Schweiz;BIO Organic;84510;https://sortiment.lidl.ch/de/bio-nuesslisalat-125g-0084510;Gemüse;2024-11-01 09:03:50.881119;yes;;yes;9;yes;Gemüse;yes;2024-11-01;3;125g;125g;3.19;g;;;;;;no;2024-10-31;no;lidl
Bio Nüsslisalat 125g;0.0;pro 125g | 100g = 3.20 CHF;;;3.99;;Schweiz;BIO Organic;84510;https://sortiment.lidl.ch/de/bio-nuesslisalat-125g-0084510;Gemüse;2024-11-03 17:40:10.068931;yes;;yes;9;yes;Gemüse;yes;2024-11-03;3;125g;125g;3.19;g;;;;;;no;2024-11-01;no;lidl
Bio Nüsslisalat 125g;0.0;pro 125g | 100g = 3.20 CHF;;;3.99;;Schweiz;BIO Organic;84510;https://sortiment.lidl.ch/de/bio-nuesslisalat-125g-0084510;Gemüse;2024-11-04 17:18:40.294488;yes;;yes;9;yes;Gemüse;yes;2024-11-04;3;125g;125g;3.19;g;;;;;;no;2024-11-03;no;lidl
Bio Rucola 100g;0.0;pro 100g |;;;1.49;;Italien;BIO Organic;84520;https://sortiment.lidl.ch/de/bio-rucola-100g-0084520;Gemüse;2024-10-27 23:06:55.411551;no;;no;9;yes;Gemüse;yes;2024-10-27;3;100g;100g;1.49;g;;;;;;no;;;lidl
Bio Rucola 100g;0.0;pro 100g |;;;1.49;;Italien;BIO Organic;84520;https://sortiment.lidl.ch/de/bio-rucola-100g-0084520;Gemüse;2024-10-28 18:00:51.015288;no;;no;9;yes;Gemüse;yes;2024-10-28;3;100g;100g;1.49;g;;;;;;no;2024-10-27;no;lidl
Bio Rucola 100g;0.0;pro 100g |;;;1.49;;Italien;BIO Organic;84520;https://sortiment.lidl.ch/de/bio-rucola-100g-0084520;Gemüse;2024-10-29 19:54:18.207193;no;;no;9;yes;Gemüse;yes;2024-10-29;3;100g;100g;1.49;g;;;;;;no;2024-10-28;no;lidl
Bio Rucola 100g;0.0;pro 100g |;;;1.49;;Italien;BIO Organic;84520;https://sortiment.lidl.ch/de/bio-rucola-100g-0084520;Gemüse;2024-10-30 20:51:01.157397;no;;no;9;yes;Gemüse;yes;2024-10-30;3;100g;100g;1.49;g;;;;;;no;2024-10-29;no;lidl
Bio Rucola 100g;0.0;pro 100g |;;;1.49;;Italien;BIO Organic;84520;https://sortiment.lidl.ch/de/bio-rucola-100g-0084520;Gemüse;2024-10-31 10:28:23.800286;no;;no;9;yes;Gemüse;yes;2024-10-31;3;100g;100g;1.49;g;;;;;;no;2024-10-30;no;lidl
Bio Rucola 100g;0.0;pro 100g |;;;1.49;;Italien;BIO Organic;84520;https://sortiment.lidl.ch/de/bio-rucola-100g-0084520;Gemüse;2024-11-01 09:03:50.881119;no;;no;9;yes;Gemüse;yes;2024-11-01;3;100g;100g;1.49;g;;;;;;no;2024-10-31;no;lidl
Bio Rucola 100g;0.0;pro 100g |;;;1.49;;Italien;BIO Organic;84520;https://sortiment.lidl.ch/de/bio-rucola-100g-0084520;Gemüse;2024-11-03 17:40:10.068931;no;;no;9;yes;Gemüse;yes;2024-11-03;3;100g;100g;1.49;g;;;;;;no;2024-11-01;no;lidl
Bio Rucola 100g;0.0;pro 100g |;;;1.49;;Italien;BIO Organic;84520;https://sortiment.lidl.ch/de/bio-rucola-100g-0084520;Gemüse;2024-11-04 17:18:40.294488;no;;no;9;yes;Gemüse;yes;2024-11-04;3;100g;100g;1.49;g;;;;;;no;2024-11-03;no;lidl
Bio Auberginen 500g;2.0;pro 500g | 1Kg = 5.98 CHF;;;2.99;;Spanien;BIO Organic;84526;https://sortiment.lidl.ch/de/bio-auberginen-500g-0084526;Gemüse;2024-10-28 18:00:51.015288;no;;yes;9;yes;Gemüse;yes;2024-10-28;3;500g;500g;0.6;g;;;;;;no;;yes;lidl
Bio Auberginen 500g;2.0;pro 500g | 1Kg = 5.98 CHF;;;2.99;;Spanien;BIO Organic;84526;https://sortiment.lidl.ch/de/bio-auberginen-500g-0084526;Gemüse;2024-10-29 19:54:18.207193;no;;yes;9;yes;Gemüse;yes;2024-10-29;3;500g;500g;0.6;g;;;;;;no;2024-10-28;no;lidl
Bio Auberginen 500g;2.0;pro 500g | 1Kg = 4.90 CHF;;;2.45;;Spanien;BIO Organic;84526;https://sortiment.lidl.ch/de/bio-auberginen-500g-0084526;Gemüse;2024-10-30 20:51:01.157397;no;;yes;5;no;Gemüse;yes;2024-10-30;3;500g;500g;0.49;g;;;;;;no;2024-10-29;no;lidl
Bio Auberginen 500g;2.0;pro 500g | 1Kg = 4.90 CHF;;;2.45;;Spanien;BIO Organic;84526;https://sortiment.lidl.ch/de/bio-auberginen-500g-0084526;Gemüse;2024-10-31 10:28:23.800286;no;;yes;5;no;Gemüse;yes;2024-10-31;3;500g;500g;0.49;g;;;;;;no;2024-10-30;no;lidl
Bio Auberginen 500g;2.0;pro 500g | 1Kg = 4.90 CHF;;;2.45;;Spanien;BIO Organic;84526;https://sortiment.lidl.ch/de/bio-auberginen-500g-0084526;Gemüse;2024-11-01 09:03:50.881119;no;;yes;5;no;Gemüse;yes;2024-11-01;3;500g;500g;0.49;g;;;;;;no;2024-10-31;no;lidl
Bio Auberginen 500g;2.0;pro 500g | 1Kg = 4.90 CHF;;;2.45;;Spanien;BIO Organic;84526;https://sortiment.lidl.ch/de/bio-auberginen-500g-0084526;Gemüse;2024-11-03 17:40:10.068931;no;;yes;5;no;Gemüse;yes;2024-11-03;3;500g;500g;0.49;g;;;;;;no;2024-11-01;no;lidl
Bio Auberginen 500g;2.0;pro 500g | 1Kg = 4.90 CHF;;;2.45;;Spanien;BIO Organic;84526;https://sortiment.lidl.ch/de/bio-auberginen-500g-0084526;Gemüse;2024-11-04 17:18:40.294488;no;;yes;5;no;Gemüse;yes;2024-11-04;3;500g;500g;0.49;g;;;;;;no;2024-11-03;no;lidl
Bio Gurke;6.0;pro Stück |;;;0.99;;variabel;BIO Organic;84535;https://sortiment.lidl.ch/de/bio-gurke-0084535;Gemüse;2024-10-27 23:06:55.411551;no;;no;9;yes;Gemüse;yes;2024-10-27;2;Stück;1 Stück;0.99;Stück;;;;;;no;;;lidl
Bio Gurke;6.0;pro Stück |;;;0.99;;variabel;BIO Organic;84535;https://sortiment.lidl.ch/de/bio-gurke-0084535;Gemüse;2024-10-28 18:00:51.015288;no;;no;9;yes;Gemüse;yes;2024-10-28;2;Stück;1 Stück;0.99;Stück;;;;;;no;2024-10-27;no;lidl
Bio Gurke;6.0;pro Stück |;;;0.99;;variabel;BIO Organic;84535;https://sortiment.lidl.ch/de/bio-gurke-0084535;Gemüse;2024-10-29 19:54:18.207193;no;;no;9;yes;Gemüse;yes;2024-10-29;2;Stück;1 Stück;0.99;Stück;;;;;;no;2024-10-28;no;lidl
Bio Gurke;6.0;pro Stück |;;;0.99;;variabel;BIO Organic;84535;https://sortiment.lidl.ch/de/bio-gurke-0084535;Gemüse;2024-10-30 20:51:01.157397;no;;no;9;yes;Gemüse;yes;2024-10-30;2;Stück;1 Stück;0.99;Stück;;;;;;no;2024-10-29;no;lidl
Bio Gurke;6.0;pro Stück |;0.99;-30%;0.69;31.10. - 6.11.;variabel;BIO Organic;84535;https://sortiment.lidl.ch/de/bio-gurke-0084535;Gemüse;2024-10-31 10:28:23.800286;no;0.3;no;9;yes;Gemüse;yes;2024-10-31;2;Stück;1 Stück;0.69;Stück;2024-10-31;2024-11-06;Thursday;Wednesday;6 days;yes;2024-10-30;no;lidl
Bio Gurke;6.0;pro Stück |;0.99;-30%;0.69;31.10. - 6.11.;variabel;BIO Organic;84535;https://sortiment.lidl.ch/de/bio-gurke-0084535;Gemüse;2024-11-01 09:03:50.881119;no;0.3;no;9;yes;Gemüse;yes;2024-11-01;2;Stück;1 Stück;0.69;Stück;2024-10-31;2024-11-06;Thursday;Wednesday;6 days;yes;2024-10-31;no;lidl
Bio Gurke;6.0;pro Stück |;0.99;-30%;0.69;31.10. - 6.11.;variabel;BIO Organic;84535;https://sortiment.lidl.ch/de/bio-gurke-0084535;Gemüse;2024-11-03 17:40:10.068931;no;0.3;no;9;yes;Gemüse;yes;2024-11-03;2;Stück;1 Stück;0.69;Stück;2024-10-31;2024-11-06;Thursday;Wednesday;6 days;yes;2024-11-01;no;lidl
Bio Gurke;6.0;pro Stück |;0.99;-30%;0.69;31.10. - 6.11.;variabel;BIO Organic;84535;https://sortiment.lidl.ch/de/bio-gurke-0084535;Gemüse;2024-11-04 17:18:40.294488;no;0.3;no;9;yes;Gemüse;yes;2024-11-04;2;Stück;1 Stück;0.69;Stück;2024-10-31;2024-11-06;Thursday;Wednesday;6 days;yes;2024-11-03;no;lidl
Bio Lauch 500g;0.0;pro 500g | 1Kg = 5.98 CHF;;;2.99;;Schweiz;BIO Organic;84540;https://sortiment.lidl.ch/de/bio-lauch-500g-0084540;Gemüse;2024-10-27 23:06:55.411551;yes;;yes;9;yes;Gemüse;yes;2024-10-27;3;500g;500g;0.6;g;;;;;;no;;;lidl
Bio Lauch 500g;0.0;pro 500g | 1Kg = 5.98 CHF;;;2.99;;Schweiz;BIO Organic;84540;https://sortiment.lidl.ch/de/bio-lauch-500g-0084540;Gemüse;2024-10-28 18:00:51.015288;yes;;yes;9;yes;Gemüse;yes;2024-10-28;3;500g;500g;0.6;g;;;;;;no;2024-10-27;no;lidl
Bio Lauch 500g;0.0;pro 500g | 1Kg = 5.98 CHF;;;2.99;;Schweiz;BIO Organic;84540;https://sortiment.lidl.ch/de/bio-lauch-500g-0084540;Gemüse;2024-10-29 19:54:18.207193;yes;;yes;9;yes;Gemüse;yes;2024-10-29;3;500g;500g;0.6;g;;;;;;no;2024-10-28;no;lidl
Bio Lauch 500g;0.0;pro 500g | 1Kg = 5.98 CHF;;;2.99;;Schweiz;BIO Organic;84540;https://sortiment.lidl.ch/de/bio-lauch-500g-0084540;Gemüse;2024-10-30 20:51:01.157397;yes;;yes;9;yes;Gemüse;yes;2024-10-30;3;500g;500g;0.6;g;;;;;;no;2024-10-29;no;lidl
Bio Lauch 500g;0.0;pro 500g | 1Kg = 5.98 CHF;;;2.99;;Schweiz;BIO Organic;84540;https://sortiment.lidl.ch/de/bio-lauch-500g-0084540;Gemüse;2024-10-31 10:28:23.800286;yes;;yes;9;yes;Gemüse;yes;2024-10-31;3;500g;500g;0.6;g;;;;;;no;2024-10-30;no;lidl
Bio Lauch 500g;0.0;pro 500g | 1Kg = 5.98 CHF;;;2.99;;Schweiz;BIO Organic;84540;https://sortiment.lidl.ch/de/bio-lauch-500g-0084540;Gemüse;2024-11-01 09:03:50.881119;yes;;yes;9;yes;Gemüse;yes;2024-11-01;3;500g;500g;0.6;g;;;;;;no;2024-10-31;no;lidl
Bio Lauch 500g;0.0;pro 500g | 1Kg = 5.98 CHF;;;2.99;;Schweiz;BIO Organic;84540;https://sortiment.lidl.ch/de/bio-lauch-500g-0084540;Gemüse;2024-11-03 17:40:10.068931;yes;;yes;9;yes;Gemüse;yes;2024-11-03;3;500g;500g;0.6;g;;;;;;no;2024-11-01;no;lidl
Bio Lauch 500g;0.0;pro 500g | 1Kg = 5.98 CHF;;;2.99;;Schweiz;BIO Organic;84540;https://sortiment.lidl.ch/de/bio-lauch-500g-0084540;Gemüse;2024-11-04 17:18:40.294488;yes;;yes;9;yes;Gemüse;yes;2024-11-04;3;500g;500g;0.6;g;;;;;;no;2024-11-03;no;lidl
Bio Zucchetti 500g;6.0;pro 500g | 1Kg = 3.18 CHF;;;1.59;;variabel;BIO Organic;84545;https://sortiment.lidl.ch/de/bio-zucchetti-500g-0084545;Gemüse;2024-10-27 23:06:55.411551;no;;no;9;yes;Gemüse;yes;2024-10-27;3;500g;500g;0.32;g;;;;;;no;;;lidl
Bio Zucchetti 500g;6.0;pro 500g | 1Kg = 3.18 CHF;;;1.59;;variabel;BIO Organic;84545;https://sortiment.lidl.ch/de/bio-zucchetti-500g-0084545;Gemüse;2024-10-28 18:00:51.015288;no;;no;9;yes;Gemüse;yes;2024-10-28;3;500g;500g;0.32;g;;;;;;no;2024-10-27;no;lidl
Bio Zucchetti 500g;6.0;pro 500g | 1Kg = 3.18 CHF;;;1.59;;variabel;BIO Organic;84545;https://sortiment.lidl.ch/de/bio-zucchetti-500g-0084545;Gemüse;2024-10-29 19:54:18.207193;no;;no;9;yes;Gemüse;yes;2024-10-29;3;500g;500g;0.32;g;;;;;;no;2024-10-28;no;lidl
Bio Zucchetti 500g;6.0;pro 500g | 1Kg = 3.18 CHF;;;1.59;;variabel;BIO Organic;84545;https://sortiment.lidl.ch/de/bio-zucchetti-500g-0084545;Gemüse;2024-10-30 20:51:01.157397;no;;no;9;yes;Gemüse;yes;2024-10-30;3;500g;500g;0.32;g;;;;;;no;2024-10-29;no;lidl
Bio Zucchetti 500g;6.0;pro 500g | 1Kg = 3.18 CHF;;;1.59;;variabel;BIO Organic;84545;https://sortiment.lidl.ch/de/bio-zucchetti-500g-0084545;Gemüse;2024-10-31 10:28:23.800286;no;;no;9;yes;Gemüse;yes;2024-10-31;3;500g;500g;0.32;g;;;;;;no;2024-10-30;no;lidl
Bio Zucchetti 500g;6.0;pro 500g | 1Kg = 3.18 CHF;;;1.59;;variabel;BIO Organic;84545;https://sortiment.lidl.ch/de/bio-zucchetti-500g-0084545;Gemüse;2024-11-01 09:03:50.881119;no;;no;9;yes;Gemüse;yes;2024-11-01;3;500g;500g;0.32;g;;;;;;no;2024-10-31;no;lidl
Bio Zucchetti 500g;6.0;pro 500g | 1Kg = 3.18 CHF;;;1.59;;variabel;BIO Organic;84545;https://sortiment.lidl.ch/de/bio-zucchetti-500g-0084545;Gemüse;2024-11-03 17:40:10.068931;no;;no;9;yes;Gemüse;yes;2024-11-03;3;500g;500g;0.32;g;;;;;;no;2024-11-01;no;lidl
Bio Zucchetti 500g;6.0;pro 500g | 1Kg = 3.18 CHF;;;1.59;;variabel;BIO Organic;84545;https://sortiment.lidl.ch/de/bio-zucchetti-500g-0084545;Gemüse;2024-11-04 17:18:40.294488;no;;no;9;yes;Gemüse;yes;2024-11-04;3;500g;500g;0.32;g;;;;;;no;2024-11-03;no;lidl
Bio Cherry-Rispentomaten;0.0;pro 400g | 100g = 0.75 CHF;;;2.99;;Spanien;BIO Organic;84549;https://sortiment.lidl.ch/de/bio-cherry-rispentomaten-0084549;Gemüse;2024-10-27 23:06:55.411551;no;;yes;9;yes;Gemüse;yes;2024-10-27;2;400g;400g;0.75;g;;;;;;no;;;lidl
Bio Cherry-Rispentomaten;0.0;pro 400g | 100g = 0.75 CHF;;;2.99;;Spanien;BIO Organic;84549;https://sortiment.lidl.ch/de/bio-cherry-rispentomaten-0084549;Gemüse;2024-10-28 18:00:51.015288;no;;yes;9;yes;Gemüse;yes;2024-10-28;2;400g;400g;0.75;g;;;;;;no;2024-10-27;no;lidl
Bio Cherry-Rispentomaten;0.0;pro 400g | 100g = 0.75 CHF;;;2.99;;Spanien;BIO Organic;84549;https://sortiment.lidl.ch/de/bio-cherry-rispentomaten-0084549;Gemüse;2024-10-29 19:54:18.207193;no;;yes;9;yes;Gemüse;yes;2024-10-29;2;400g;400g;0.75;g;;;;;;no;2024-10-28;no;lidl
Bio Cherry-Rispentomaten;0.0;pro 400g | 100g = 0.75 CHF;;;2.99;;Spanien;BIO Organic;84549;https://sortiment.lidl.ch/de/bio-cherry-rispentomaten-0084549;Gemüse;2024-10-30 20:51:01.157397;no;;yes;9;yes;Gemüse;yes;2024-10-30;2;400g;400g;0.75;g;;;;;;no;2024-10-29;no;lidl
Bio Cherry-Rispentomaten;0.0;pro 400g | 100g = 0.75 CHF;;;2.99;;Spanien;BIO Organic;84549;https://sortiment.lidl.ch/de/bio-cherry-rispentomaten-0084549;Gemüse;2024-10-31 10:28:23.800286;no;;yes;9;yes;Gemüse;yes;2024-10-31;2;400g;400g;0.75;g;;;;;;no;2024-10-30;no;lidl
Bio Cherry-Rispentomaten;0.0;pro 400g | 100g = 0.75 CHF;;;2.99;;Spanien;BIO Organic;84549;https://sortiment.lidl.ch/de/bio-cherry-rispentomaten-0084549;Gemüse;2024-11-01 09:03:50.881119;no;;yes;9;yes;Gemüse;yes;2024-11-01;2;400g;400g;0.75;g;;;;;;no;2024-10-31;no;lidl
Bio Cherry-Rispentomaten;0.0;pro 400g | 100g = 0.75 CHF;;;2.99;;Spanien;BIO Organic;84549;https://sortiment.lidl.ch/de/bio-cherry-rispentomaten-0084549;Gemüse;2024-11-03 17:40:10.068931;no;;yes;9;yes;Gemüse;yes;2024-11-03;2;400g;400g;0.75;g;;;;;;no;2024-11-01;no;lidl
Bio Cherry-Rispentomaten;0.0;pro 400g | 100g = 0.75 CHF;;;2.99;;Spanien;BIO Organic;84549;https://sortiment.lidl.ch/de/bio-cherry-rispentomaten-0084549;Gemüse;2024-11-04 17:18:40.294488;no;;yes;9;yes;Gemüse;yes;2024-11-04;2;400g;400g;0.75;g;;;;;;no;2024-11-03;no;lidl
BIO Dattel-Cherrytomaten 250g;0.0;pro 250g | 100g = 1.52 CHF;;;3.79;;Schweiz;BIO Organic;84560;https://sortiment.lidl.ch/de/bio-dattel-cherrytomaten-250g-0084560;Gemüse;2024-10-27 23:06:55.411551;yes;;yes;9;yes;Gemüse;yes;2024-10-27;3;250g;250g;1.52;g;;;;;;no;;;lidl
BIO Dattel-Cherrytomaten 250g;0.0;pro 250g | 100g = 1.52 CHF;;;3.79;;Schweiz;BIO Organic;84560;https://sortiment.lidl.ch/de/bio-dattel-cherrytomaten-250g-0084560;Gemüse;2024-10-28 18:00:51.015288;yes;;yes;9;yes;Gemüse;yes;2024-10-28;3;250g;250g;1.52;g;;;;;;no;2024-10-27;no;lidl
Bio Rispentomaten 500g;2.0;pro 500g | 1Kg = 5.98 CHF;;;2.99;;variabel;BIO Organic;84570;https://sortiment.lidl.ch/de/bio-rispentomaten-500g-0084570;Gemüse;2024-10-27 23:06:55.411551;no;;yes;9;yes;Gemüse;yes;2024-10-27;3;500g;500g;0.6;g;;;;;;no;;;lidl
Bio Rispentomaten 500g;2.0;pro 500g | 1Kg = 5.98 CHF;;;2.99;;variabel;BIO Organic;84570;https://sortiment.lidl.ch/de/bio-rispentomaten-500g-0084570;Gemüse;2024-10-28 18:00:51.015288;no;;yes;9;yes;Gemüse;yes;2024-10-28;3;500g;500g;0.6;g;;;;;;no;2024-10-27;no;lidl
Bio Rispentomaten 500g;2.0;pro 500g | 1Kg = 5.98 CHF;;;2.99;;variabel;BIO Organic;84570;https://sortiment.lidl.ch/de/bio-rispentomaten-500g-0084570;Gemüse;2024-10-29 19:54:18.207193;no;;yes;9;yes;Gemüse;yes;2024-10-29;3;500g;500g;0.6;g;;;;;;no;2024-10-28;no;lidl
Bio Rispentomaten 500g;2.0;pro 500g | 1Kg = 5.98 CHF;;;2.99;;variabel;BIO Organic;84570;https://sortiment.lidl.ch/de/bio-rispentomaten-500g-0084570;Gemüse;2024-10-30 20:51:01.157397;no;;yes;9;yes;Gemüse;yes;2024-10-30;3;500g;500g;0.6;g;;;;;;no;2024-10-29;no;lidl
Bio Rispentomaten 500g;2.0;pro 500g | 1Kg = 5.98 CHF;;;2.99;;variabel;BIO Organic;84570;https://sortiment.lidl.ch/de/bio-rispentomaten-500g-0084570;Gemüse;2024-10-31 10:28:23.800286;no;;yes;9;yes;Gemüse;yes;2024-10-31;3;500g;500g;0.6;g;;;;;;no;2024-10-30;no;lidl
Bio Rispentomaten 500g;2.0;pro 500g | 1Kg = 5.98 CHF;;;2.99;;variabel;BIO Organic;84570;https://sortiment.lidl.ch/de/bio-rispentomaten-500g-0084570;Gemüse;2024-11-01 09:03:50.881119;no;;yes;9;yes;Gemüse;yes;2024-11-01;3;500g;500g;0.6;g;;;;;;no;2024-10-31;no;lidl
Bio Rispentomaten 500g;2.0;pro 500g | 1Kg = 5.98 CHF;;;2.99;;variabel;BIO Organic;84570;https://sortiment.lidl.ch/de/bio-rispentomaten-500g-0084570;Gemüse;2024-11-03 17:40:10.068931;no;;yes;9;yes;Gemüse;yes;2024-11-03;3;500g;500g;0.6;g;;;;;;no;2024-11-01;no;lidl
Bio Rispentomaten 500g;2.0;pro 500g | 1Kg = 5.98 CHF;;;2.99;;variabel;BIO Organic;84570;https://sortiment.lidl.ch/de/bio-rispentomaten-500g-0084570;Gemüse;2024-11-04 17:18:40.294488;no;;yes;9;yes;Gemüse;yes;2024-11-04;3;500g;500g;0.6;g;;;;;;no;2024-11-03;no;lidl
Bio Peperoni Mix 400g;7.0;pro 400g | 100g = 0.45 CHF;;;1.79;;variabel;BIO Organic;84587;https://sortiment.lidl.ch/de/bio-peperoni-mix-400g-0084587;Gemüse;2024-10-27 23:06:55.411551;no;;no;9;yes;Gemüse;yes;2024-10-27;4;400g;400g;0.45;g;;;;;;no;;;lidl
Bio Peperoni Mix 400g;7.0;pro 400g | 100g = 0.45 CHF;;;1.79;;variabel;BIO Organic;84587;https://sortiment.lidl.ch/de/bio-peperoni-mix-400g-0084587;Gemüse;2024-10-28 18:00:51.015288;no;;no;9;yes;Gemüse;yes;2024-10-28;4;400g;400g;0.45;g;;;;;;no;2024-10-27;no;lidl
Bio Peperoni Mix 400g;7.0;pro 400g | 100g = 0.45 CHF;;;1.79;;variabel;BIO Organic;84587;https://sortiment.lidl.ch/de/bio-peperoni-mix-400g-0084587;Gemüse;2024-10-29 19:54:18.207193;no;;no;9;yes;Gemüse;yes;2024-10-29;4;400g;400g;0.45;g;;;;;;no;2024-10-28;no;lidl
Bio Peperoni Mix 400g;7.0;pro 400g | 100g = 0.45 CHF;;;1.79;;variabel;BIO Organic;84587;https://sortiment.lidl.ch/de/bio-peperoni-mix-400g-0084587;Gemüse;2024-10-30 20:51:01.157397;no;;no;9;yes;Gemüse;yes;2024-10-30;4;400g;400g;0.45;g;;;;;;no;2024-10-29;no;lidl
Bio Peperoni Mix 400g;7.0;pro 400g | 100g = 0.45 CHF;;;1.79;;variabel;BIO Organic;84587;https://sortiment.lidl.ch/de/bio-peperoni-mix-400g-0084587;Gemüse;2024-10-31 10:28:23.800286;no;;no;9;yes;Gemüse;yes;2024-10-31;4;400g;400g;0.45;g;;;;;;no;2024-10-30;no;lidl
Bio Peperoni Mix 400g;7.0;pro 400g | 100g = 0.45 CHF;;;1.79;;variabel;BIO Organic;84587;https://sortiment.lidl.ch/de/bio-peperoni-mix-400g-0084587;Gemüse;2024-11-01 09:03:50.881119;no;;no;9;yes;Gemüse;yes;2024-11-01;4;400g;400g;0.45;g;;;;;;no;2024-10-31;no;lidl
Bio Peperoni Mix 400g;7.0;pro 400g | 100g = 0.45 CHF;;;1.79;;variabel;BIO Organic;84587;https://sortiment.lidl.ch/de/bio-peperoni-mix-400g-0084587;Gemüse;2024-11-03 17:40:10.068931;no;;no;9;yes;Gemüse;yes;2024-11-03;4;400g;400g;0.45;g;;;;;;no;2024-11-01;no;lidl
Bio Peperoni Mix 400g;7.0;pro 400g | 100g = 0.45 CHF;;;1.79;;variabel;BIO Organic;84587;https://sortiment.lidl.ch/de/bio-peperoni-mix-400g-0084587;Gemüse;2024-11-04 17:18:40.294488;no;;no;9;yes;Gemüse;yes;2024-11-04;4;400g;400g;0.45;g;;;;;;no;2024-11-03;no;lidl
Bio Zuckermais 350g;0.0;pro 350g | 100g = 0.86 CHF;;;2.99;;Schweiz;BIO Organic;84592;https://sortiment.lidl.ch/de/bio-zuckermais-350g-0084592;Gemüse;2024-10-27 23:06:55.411551;yes;;yes;9;yes;Gemüse;yes;2024-10-27;3;350g;350g;0.85;g;;;;;;no;;;lidl
Bio Zuckermais 350g;0.0;pro 350g | 100g = 0.86 CHF;;;2.99;;Schweiz;BIO Organic;84592;https://sortiment.lidl.ch/de/bio-zuckermais-350g-0084592;Gemüse;2024-10-28 18:00:51.015288;yes;;yes;9;yes;Gemüse;yes;2024-10-28;3;350g;350g;0.85;g;;;;;;no;2024-10-27;no;lidl
Bio Zuckermais 350g;0.0;pro 350g | 100g = 0.86 CHF;;;2.99;;Schweiz;BIO Organic;84592;https://sortiment.lidl.ch/de/bio-zuckermais-350g-0084592;Gemüse;2024-10-29 19:54:18.207193;yes;;yes;9;yes;Gemüse;yes;2024-10-29;3;350g;350g;0.85;g;;;;;;no;2024-10-28;no;lidl
Bio Zuckermais 350g;0.0;pro 350g | 100g = 0.86 CHF;;;2.99;;Schweiz;BIO Organic;84592;https://sortiment.lidl.ch/de/bio-zuckermais-350g-0084592;Gemüse;2024-10-30 20:51:01.157397;yes;;yes;9;yes;Gemüse;yes;2024-10-30;3;350g;350g;0.85;g;;;;;;no;2024-10-29;no;lidl
Bio Zuckermais 350g;0.0;pro 350g | 100g = 0.86 CHF;;;2.99;;Schweiz;BIO Organic;84592;https://sortiment.lidl.ch/de/bio-zuckermais-350g-0084592;Gemüse;2024-10-31 10:28:23.800286;yes;;yes;9;yes;Gemüse;yes;2024-10-31;3;350g;350g;0.85;g;;;;;;no;2024-10-30;no;lidl
Bio Zuckermais 350g;0.0;pro 350g | 100g = 0.86 CHF;;;2.99;;Schweiz;BIO Organic;84592;https://sortiment.lidl.ch/de/bio-zuckermais-350g-0084592;Gemüse;2024-11-01 09:03:50.881119;yes;;yes;9;yes;Gemüse;yes;2024-11-01;3;350g;350g;0.85;g;;;;;;no;2024-10-31;no;lidl
Bio Zuckermais 350g;0.0;pro 350g | 100g = 0.86 CHF;;;2.99;;Schweiz;BIO Organic;84592;https://sortiment.lidl.ch/de/bio-zuckermais-350g-0084592;Gemüse;2024-11-03 17:40:10.068931;yes;;yes;9;yes;Gemüse;yes;2024-11-03;3;350g;350g;0.85;g;;;;;;no;2024-11-01;no;lidl
Bio Zuckermais 350g;0.0;pro 350g | 100g = 0.86 CHF;;;2.99;;Schweiz;BIO Organic;84592;https://sortiment.lidl.ch/de/bio-zuckermais-350g-0084592;Gemüse;2024-11-04 17:18:40.294488;yes;;yes;9;yes;Gemüse;yes;2024-11-04;3;350g;350g;0.85;g;;;;;;no;2024-11-03;no;lidl
Bio Champignons braun;26.0;pro 250g | 100g = 0.72 CHF;;;1.79;;Deutschland;BIO Organic;84597;https://sortiment.lidl.ch/de/bio-champignons-braun-0084597;Gemüse;2024-10-27 23:06:55.411551;no;;no;9;yes;Gemüse;yes;2024-10-27;3;250g;250g;0.72;g;;;;;;no;;;lidl
Bio Champignons braun;26.0;pro 250g | 100g = 0.72 CHF;;;1.79;;Deutschland;BIO Organic;84597;https://sortiment.lidl.ch/de/bio-champignons-braun-0084597;Gemüse;2024-10-28 18:00:51.015288;no;;no;9;yes;Gemüse;yes;2024-10-28;3;250g;250g;0.72;g;;;;;;no;2024-10-27;no;lidl
Bio Champignons braun;26.0;pro 250g | 100g = 0.72 CHF;;;1.79;;Deutschland;BIO Organic;84597;https://sortiment.lidl.ch/de/bio-champignons-braun-0084597;Gemüse;2024-10-29 19:54:18.207193;no;;no;9;yes;Gemüse;yes;2024-10-29;3;250g;250g;0.72;g;;;;;;no;2024-10-28;no;lidl
Bio Champignons braun;26.0;pro 250g | 100g = 0.72 CHF;;;1.79;;Deutschland;BIO Organic;84597;https://sortiment.lidl.ch/de/bio-champignons-braun-0084597;Gemüse;2024-10-30 20:51:01.157397;no;;no;9;yes;Gemüse;yes;2024-10-30;3;250g;250g;0.72;g;;;;;;no;2024-10-29;no;lidl
Bio Champignons braun;26.0;pro 250g | 100g = 0.72 CHF;;;1.79;;Deutschland;BIO Organic;84597;https://sortiment.lidl.ch/de/bio-champignons-braun-0084597;Gemüse;2024-10-31 10:28:23.800286;no;;no;9;yes;Gemüse;yes;2024-10-31;3;250g;250g;0.72;g;;;;;;no;2024-10-30;no;lidl
Bio Champignons braun;26.0;pro 250g | 100g = 0.72 CHF;;;1.79;;Deutschland;BIO Organic;84597;https://sortiment.lidl.ch/de/bio-champignons-braun-0084597;Gemüse;2024-11-01 09:03:50.881119;no;;no;9;yes;Gemüse;yes;2024-11-01;3;250g;250g;0.72;g;;;;;;no;2024-10-31;no;lidl
Bio Champignons braun;26.0;pro 250g | 100g = 0.72 CHF;;;1.79;;Deutschland;BIO Organic;84597;https://sortiment.lidl.ch/de/bio-champignons-braun-0084597;Gemüse;2024-11-03 17:40:10.068931;no;;no;9;yes;Gemüse;yes;2024-11-03;3;250g;250g;0.72;g;;;;;;no;2024-11-01;no;lidl
Bio Champignons braun;26.0;pro 250g | 100g = 0.72 CHF;;;1.79;;Deutschland;BIO Organic;84597;https://sortiment.lidl.ch/de/bio-champignons-braun-0084597;Gemüse;2024-11-04 17:18:40.294488;no;;no;9;yes;Gemüse;yes;2024-11-04;3;250g;250g;0.72;g;;;;;;no;2024-11-03;no;lidl
Bio Rüebli 1kg;5.0;pro 1kg |;3.29;-39%;2.0;24.10. - 30.10.;Schweiz;BIO Organic;84611;https://sortiment.lidl.ch/de/bio-rueebli-1kg-0084611;Gemüse;2024-10-27 23:06:55.411551;yes;0.39;no;0;no;Gemüse;yes;2024-10-27;3;1kg;1000g;0.2;g;2024-10-24;2024-10-30;Thursday;Wednesday;6 days;yes;;;lidl
Bio Rüebli 1kg;5.0;pro 1kg |;3.29;-39%;2.0;24.10. - 30.10.;Schweiz;BIO Organic;84611;https://sortiment.lidl.ch/de/bio-rueebli-1kg-0084611;Gemüse;2024-10-28 18:00:51.015288;yes;0.39;no;0;no;Gemüse;yes;2024-10-28;3;1kg;1000g;0.2;g;2024-10-24;2024-10-30;Thursday;Wednesday;6 days;yes;2024-10-27;no;lidl
Bio Rüebli 1kg;5.0;pro 1kg |;3.29;-39%;2.0;24.10. - 30.10.;Schweiz;BIO Organic;84611;https://sortiment.lidl.ch/de/bio-rueebli-1kg-0084611;Gemüse;2024-10-29 19:54:18.207193;yes;0.39;no;0;no;Gemüse;yes;2024-10-29;3;1kg;1000g;0.2;g;2024-10-24;2024-10-30;Thursday;Wednesday;6 days;yes;2024-10-28;no;lidl
Bio Rüebli 1kg;5.0;pro 1kg |;3.29;-39%;2.0;24.10. - 30.10.;Schweiz;BIO Organic;84611;https://sortiment.lidl.ch/de/bio-rueebli-1kg-0084611;Gemüse;2024-10-30 20:51:01.157397;yes;0.39;no;0;no;Gemüse;yes;2024-10-30;3;1kg;1000g;0.2;g;2024-10-24;2024-10-30;Thursday;Wednesday;6 days;yes;2024-10-29;no;lidl
Bio Rüebli 1kg;5.0;pro 1kg |;;;2.99;;Schweiz;BIO Organic;84611;https://sortiment.lidl.ch/de/bio-rueebli-1kg-0084611;Gemüse;2024-10-31 10:28:23.800286;yes;;yes;9;yes;Gemüse;yes;2024-10-31;3;1kg;1000g;0.3;g;;;;;;no;2024-10-30;no;lidl
Bio Rüebli 1kg;5.0;pro 1kg |;;;2.99;;Schweiz;BIO Organic;84611;https://sortiment.lidl.ch/de/bio-rueebli-1kg-0084611;Gemüse;2024-11-01 09:03:50.881119;yes;;yes;9;yes;Gemüse;yes;2024-11-01;3;1kg;1000g;0.3;g;;;;;;no;2024-10-31;no;lidl
Bio Rüebli 1kg;5.0;pro 1kg |;;;2.99;;Schweiz;BIO Organic;84611;https://sortiment.lidl.ch/de/bio-rueebli-1kg-0084611;Gemüse;2024-11-03 17:40:10.068931;yes;;yes;9;yes;Gemüse;yes;2024-11-03;3;1kg;1000g;0.3;g;;;;;;no;2024-11-01;no;lidl
Bio Rüebli 1kg;5.0;pro 1kg |;;;2.99;;Schweiz;BIO Organic;84611;https://sortiment.lidl.ch/de/bio-rueebli-1kg-0084611;Gemüse;2024-11-04 17:18:40.294488;yes;;yes;9;yes;Gemüse;yes;2024-11-04;3;1kg;1000g;0.3;g;;;;;;no;2024-11-03;no;lidl
Bio Pastinaken 500g;0.0;pro 500g | 1Kg = 3.98 CHF;;;1.99;;variabel;BIO Organic;84626;https://sortiment.lidl.ch/de/bio-pastinaken-500g-0084626;Gemüse;2024-10-27 23:06:55.411551;no;;no;9;yes;Gemüse;yes;2024-10-27;3;500g;500g;0.4;g;;;;;;no;;;lidl
Bio Pastinaken 500g;0.0;pro 500g | 1Kg = 3.98 CHF;;;1.99;;variabel;BIO Organic;84626;https://sortiment.lidl.ch/de/bio-pastinaken-500g-0084626;Gemüse;2024-10-28 18:00:51.015288;no;;no;9;yes;Gemüse;yes;2024-10-28;3;500g;500g;0.4;g;;;;;;no;2024-10-27;no;lidl
Bio Pastinaken 500g;0.0;pro 500g | 1Kg = 3.98 CHF;;;1.99;;variabel;BIO Organic;84626;https://sortiment.lidl.ch/de/bio-pastinaken-500g-0084626;Gemüse;2024-10-29 19:54:18.207193;no;;no;9;yes;Gemüse;yes;2024-10-29;3;500g;500g;0.4;g;;;;;;no;2024-10-28;no;lidl
Bio Pastinaken 500g;0.0;pro 500g | 1Kg = 3.98 CHF;;;1.99;;variabel;BIO Organic;84626;https://sortiment.lidl.ch/de/bio-pastinaken-500g-0084626;Gemüse;2024-10-30 20:51:01.157397;no;;no;9;yes;Gemüse;yes;2024-10-30;3;500g;500g;0.4;g;;;;;;no;2024-10-29;no;lidl
Bio Pastinaken 500g;0.0;pro 500g | 1Kg = 3.98 CHF;;;1.99;;variabel;BIO Organic;84626;https://sortiment.lidl.ch/de/bio-pastinaken-500g-0084626;Gemüse;2024-10-31 10:28:23.800286;no;;no;9;yes;Gemüse;yes;2024-10-31;3;500g;500g;0.4;g;;;;;;no;2024-10-30;no;lidl
Bio Pastinaken 500g;0.0;pro 500g | 1Kg = 3.98 CHF;;;1.99;;variabel;BIO Organic;84626;https://sortiment.lidl.ch/de/bio-pastinaken-500g-0084626;Gemüse;2024-11-01 09:03:50.881119;no;;no;9;yes;Gemüse;yes;2024-11-01;3;500g;500g;0.4;g;;;;;;no;2024-10-31;no;lidl
Bio Pastinaken 500g;0.0;pro 500g | 1Kg = 3.98 CHF;;;1.99;;variabel;BIO Organic;84626;https://sortiment.lidl.ch/de/bio-pastinaken-500g-0084626;Gemüse;2024-11-03 17:40:10.068931;no;;no;9;yes;Gemüse;yes;2024-11-03;3;500g;500g;0.4;g;;;;;;no;2024-11-01;no;lidl
Bio Pastinaken 500g;0.0;pro 500g | 1Kg = 3.98 CHF;;;1.99;;variabel;BIO Organic;84626;https://sortiment.lidl.ch/de/bio-pastinaken-500g-0084626;Gemüse;2024-11-04 17:18:40.294488;no;;no;9;yes;Gemüse;yes;2024-11-04;3;500g;500g;0.4;g;;;;;;no;2024-11-03;no;lidl
BIO Organic Bio Randen;0.0;pro 1kg |;;;3.99;;Schweiz;BIO Organic;84634;https://sortiment.lidl.ch/de/bio-organic-bio-randen-0084634;Gemüse;2024-10-27 23:06:55.411551;yes;;yes;9;yes;Gemüse;yes;2024-10-27;4;1kg;1000g;0.4;g;;;;;;no;;;lidl
BIO Organic Bio Randen;0.0;pro 1kg |;;;3.99;;Schweiz;BIO Organic;84634;https://sortiment.lidl.ch/de/bio-organic-bio-randen-0084634;Gemüse;2024-10-28 18:00:51.015288;yes;;yes;9;yes;Gemüse;yes;2024-10-28;4;1kg;1000g;0.4;g;;;;;;no;2024-10-27;no;lidl
BIO Organic Bio Randen;0.0;pro 1kg |;;;3.99;;Schweiz;BIO Organic;84634;https://sortiment.lidl.ch/de/bio-organic-bio-randen-0084634;Gemüse;2024-10-29 19:54:18.207193;yes;;yes;9;yes;Gemüse;yes;2024-10-29;4;1kg;1000g;0.4;g;;;;;;no;2024-10-28;no;lidl
BIO Organic Bio Randen;0.0;pro 1kg |;;;3.99;;Schweiz;BIO Organic;84634;https://sortiment.lidl.ch/de/bio-organic-bio-randen-0084634;Gemüse;2024-10-30 20:51:01.157397;yes;;yes;9;yes;Gemüse;yes;2024-10-30;4;1kg;1000g;0.4;g;;;;;;no;2024-10-29;no;lidl
BIO Organic Bio Randen;0.0;pro 1kg |;;;3.99;;Schweiz;BIO Organic;84634;https://sortiment.lidl.ch/de/bio-organic-bio-randen-0084634;Gemüse;2024-10-31 10:28:23.800286;yes;;yes;9;yes;Gemüse;yes;2024-10-31;4;1kg;1000g;0.4;g;;;;;;no;2024-10-30;no;lidl
BIO Organic Bio Randen;0.0;pro 1kg |;;;3.99;;Schweiz;BIO Organic;84634;https://sortiment.lidl.ch/de/bio-organic-bio-randen-0084634;Gemüse;2024-11-01 09:03:50.881119;yes;;yes;9;yes;Gemüse;yes;2024-11-01;4;1kg;1000g;0.4;g;;;;;;no;2024-10-31;no;lidl
BIO Organic Bio Randen;0.0;pro 1kg |;;;3.99;;Schweiz;BIO Organic;84634;https://sortiment.lidl.ch/de/bio-organic-bio-randen-0084634;Gemüse;2024-11-03 17:40:10.068931;yes;;yes;9;yes;Gemüse;yes;2024-11-03;4;1kg;1000g;0.4;g;;;;;;no;2024-11-01;no;lidl
BIO Organic Bio Randen;0.0;pro 1kg |;;;3.99;;Schweiz;BIO Organic;84634;https://sortiment.lidl.ch/de/bio-organic-bio-randen-0084634;Gemüse;2024-11-04 17:18:40.294488;yes;;yes;9;yes;Gemüse;yes;2024-11-04;4;1kg;1000g;0.4;g;;;;;;no;2024-11-03;no;lidl
Bio Gartenkräuter;6.0;pro Stück |;;;1.99;;variabel;BIO Organic;84647;https://sortiment.lidl.ch/de/bio-gartenkraeuter-0084647;Gemüse;2024-10-27 23:06:55.411551;no;;no;9;yes;Gemüse;yes;2024-10-27;2;Stück;1 Stück;1.99;Stück;;;;;;no;;;lidl
Bio Gartenkräuter;6.0;pro Stück |;;;1.99;;variabel;BIO Organic;84647;https://sortiment.lidl.ch/de/bio-gartenkraeuter-0084647;Gemüse;2024-10-28 18:00:51.015288;no;;no;9;yes;Gemüse;yes;2024-10-28;2;Stück;1 Stück;1.99;Stück;;;;;;no;2024-10-27;no;lidl
Bio Gartenkräuter;6.0;pro Stück |;;;1.99;;variabel;BIO Organic;84647;https://sortiment.lidl.ch/de/bio-gartenkraeuter-0084647;Gemüse;2024-10-29 19:54:18.207193;no;;no;9;yes;Gemüse;yes;2024-10-29;2;Stück;1 Stück;1.99;Stück;;;;;;no;2024-10-28;no;lidl
Bio Gartenkräuter;6.0;pro Stück |;;;1.99;;variabel;BIO Organic;84647;https://sortiment.lidl.ch/de/bio-gartenkraeuter-0084647;Gemüse;2024-10-30 20:51:01.157397;no;;no;9;yes;Gemüse;yes;2024-10-30;2;Stück;1 Stück;1.99;Stück;;;;;;no;2024-10-29;no;lidl
Bio Gartenkräuter;6.0;pro Stück |;;;1.99;;variabel;BIO Organic;84647;https://sortiment.lidl.ch/de/bio-gartenkraeuter-0084647;Gemüse;2024-10-31 10:28:23.800286;no;;no;9;yes;Gemüse;yes;2024-10-31;2;Stück;1 Stück;1.99;Stück;;;;;;no;2024-10-30;no;lidl
Bio Gartenkräuter;6.0;pro Stück |;;;1.99;;variabel;BIO Organic;84647;https://sortiment.lidl.ch/de/bio-gartenkraeuter-0084647;Gemüse;2024-11-01 09:03:50.881119;no;;no;9;yes;Gemüse;yes;2024-11-01;2;Stück;1 Stück;1.99;Stück;;;;;;no;2024-10-31;no;lidl
Bio Gartenkräuter;6.0;pro Stück |;;;1.99;;variabel;BIO Organic;84647;https://sortiment.lidl.ch/de/bio-gartenkraeuter-0084647;Gemüse;2024-11-03 17:40:10.068931;no;;no;9;yes;Gemüse;yes;2024-11-03;2;Stück;1 Stück;1.99;Stück;;;;;;no;2024-11-01;no;lidl
Bio Gartenkräuter;6.0;pro Stück |;;;1.99;;variabel;BIO Organic;84647;https://sortiment.lidl.ch/de/bio-gartenkraeuter-0084647;Gemüse;2024-11-04 17:18:40.294488;no;;no;9;yes;Gemüse;yes;2024-11-04;2;Stück;1 Stück;1.99;Stück;;;;;;no;2024-11-03;no;lidl
Bio Kartoffeln festkochend 1kg;0.0;pro 1kg |;;;2.65;;Schweiz;BIO Organic;84660;https://sortiment.lidl.ch/de/bio-kartoffeln-festkochend-1kg-0084660;Gemüse;2024-10-27 23:06:55.411551;yes;;yes;5;no;Gemüse;yes;2024-10-27;4;1kg;1000g;0.27;g;;;;;;no;;;lidl
Bio Kartoffeln festkochend 1kg;0.0;pro 1kg |;;;2.65;;Schweiz;BIO Organic;84660;https://sortiment.lidl.ch/de/bio-kartoffeln-festkochend-1kg-0084660;Gemüse;2024-10-28 18:00:51.015288;yes;;yes;5;no;Gemüse;yes;2024-10-28;4;1kg;1000g;0.27;g;;;;;;no;2024-10-27;no;lidl
Bio Kartoffeln festkochend 1kg;0.0;pro 1kg |;;;2.65;;Schweiz;BIO Organic;84660;https://sortiment.lidl.ch/de/bio-kartoffeln-festkochend-1kg-0084660;Gemüse;2024-10-29 19:54:18.207193;yes;;yes;5;no;Gemüse;yes;2024-10-29;4;1kg;1000g;0.27;g;;;;;;no;2024-10-28;no;lidl
Bio Kartoffeln festkochend 1kg;0.0;pro 1kg |;;;2.65;;Schweiz;BIO Organic;84660;https://sortiment.lidl.ch/de/bio-kartoffeln-festkochend-1kg-0084660;Gemüse;2024-10-30 20:51:01.157397;yes;;yes;5;no;Gemüse;yes;2024-10-30;4;1kg;1000g;0.27;g;;;;;;no;2024-10-29;no;lidl
Bio Kartoffeln festkochend 1kg;0.0;pro 1kg |;;;2.65;;Schweiz;BIO Organic;84660;https://sortiment.lidl.ch/de/bio-kartoffeln-festkochend-1kg-0084660;Gemüse;2024-10-31 10:28:23.800286;yes;;yes;5;no;Gemüse;yes;2024-10-31;4;1kg;1000g;0.27;g;;;;;;no;2024-10-30;no;lidl
Bio Kartoffeln festkochend 1kg;0.0;pro 1kg |;;;2.65;;Schweiz;BIO Organic;84660;https://sortiment.lidl.ch/de/bio-kartoffeln-festkochend-1kg-0084660;Gemüse;2024-11-01 09:03:50.881119;yes;;yes;5;no;Gemüse;yes;2024-11-01;4;1kg;1000g;0.27;g;;;;;;no;2024-10-31;no;lidl
Bio Kartoffeln festkochend 1kg;0.0;pro 1kg |;;;2.65;;Schweiz;BIO Organic;84660;https://sortiment.lidl.ch/de/bio-kartoffeln-festkochend-1kg-0084660;Gemüse;2024-11-03 17:40:10.068931;yes;;yes;5;no;Gemüse;yes;2024-11-03;4;1kg;1000g;0.27;g;;;;;;no;2024-11-01;no;lidl
Bio Kartoffeln festkochend 1kg;0.0;pro 1kg |;;;2.65;;Schweiz;BIO Organic;84660;https://sortiment.lidl.ch/de/bio-kartoffeln-festkochend-1kg-0084660;Gemüse;2024-11-04 17:18:40.294488;yes;;yes;5;no;Gemüse;yes;2024-11-04;4;1kg;1000g;0.27;g;;;;;;no;2024-11-03;no;lidl
Bio Zwiebeln 500g;1.0;pro 500g | 1Kg = 4.58 CHF;;;2.29;;Schweiz;BIO Organic;84665;https://sortiment.lidl.ch/de/bio-zwiebeln-500g-0084665;Gemüse;2024-10-27 23:06:55.411551;yes;;no;9;yes;Gemüse;yes;2024-10-27;3;500g;500g;0.46;g;;;;;;no;;;lidl
Bio Zwiebeln 500g;1.0;pro 500g | 1Kg = 4.58 CHF;;;2.29;;Schweiz;BIO Organic;84665;https://sortiment.lidl.ch/de/bio-zwiebeln-500g-0084665;Gemüse;2024-10-28 18:00:51.015288;yes;;no;9;yes;Gemüse;yes;2024-10-28;3;500g;500g;0.46;g;;;;;;no;2024-10-27;no;lidl
Bio Zwiebeln 500g;1.0;pro 500g | 1Kg = 4.58 CHF;;;2.29;;Schweiz;BIO Organic;84665;https://sortiment.lidl.ch/de/bio-zwiebeln-500g-0084665;Gemüse;2024-10-29 19:54:18.207193;yes;;no;9;yes;Gemüse;yes;2024-10-29;3;500g;500g;0.46;g;;;;;;no;2024-10-28;no;lidl
Bio Zwiebeln 500g;1.0;pro 500g | 1Kg = 4.58 CHF;;;2.29;;Schweiz;BIO Organic;84665;https://sortiment.lidl.ch/de/bio-zwiebeln-500g-0084665;Gemüse;2024-10-30 20:51:01.157397;yes;;no;9;yes;Gemüse;yes;2024-10-30;3;500g;500g;0.46;g;;;;;;no;2024-10-29;no;lidl
Bio Zwiebeln 500g;1.0;pro 500g | 1Kg = 4.58 CHF;;;2.29;;Schweiz;BIO Organic;84665;https://sortiment.lidl.ch/de/bio-zwiebeln-500g-0084665;Gemüse;2024-10-31 10:28:23.800286;yes;;no;9;yes;Gemüse;yes;2024-10-31;3;500g;500g;0.46;g;;;;;;no;2024-10-30;no;lidl
Bio Zwiebeln 500g;1.0;pro 500g | 1Kg = 4.58 CHF;;;2.29;;Schweiz;BIO Organic;84665;https://sortiment.lidl.ch/de/bio-zwiebeln-500g-0084665;Gemüse;2024-11-01 09:03:50.881119;yes;;no;9;yes;Gemüse;yes;2024-11-01;3;500g;500g;0.46;g;;;;;;no;2024-10-31;no;lidl
Bio Zwiebeln 500g;1.0;pro 500g | 1Kg = 4.58 CHF;;;2.29;;Schweiz;BIO Organic;84665;https://sortiment.lidl.ch/de/bio-zwiebeln-500g-0084665;Gemüse;2024-11-03 17:40:10.068931;yes;;no;9;yes;Gemüse;yes;2024-11-03;3;500g;500g;0.46;g;;;;;;no;2024-11-01;no;lidl
Bio Zwiebeln 500g;1.0;pro 500g | 1Kg = 4.58 CHF;;;2.29;;Schweiz;BIO Organic;84665;https://sortiment.lidl.ch/de/bio-zwiebeln-500g-0084665;Gemüse;2024-11-04 17:18:40.294488;yes;;no;9;yes;Gemüse;yes;2024-11-04;3;500g;500g;0.46;g;;;;;;no;2024-11-03;no;lidl
Bio Kartoffeln mehligkochend 1kg;0.0;pro 1kg |;;;2.65;;Schweiz;BIO Organic;84669;https://sortiment.lidl.ch/de/bio-kartoffeln-mehligkochend-1kg-0084669;Gemüse;2024-10-27 23:06:55.411551;yes;;yes;5;no;Gemüse;yes;2024-10-27;4;1kg;1000g;0.27;g;;;;;;no;;;lidl
Bio Kartoffeln mehligkochend 1kg;0.0;pro 1kg |;;;2.65;;Schweiz;BIO Organic;84669;https://sortiment.lidl.ch/de/bio-kartoffeln-mehligkochend-1kg-0084669;Gemüse;2024-10-28 18:00:51.015288;yes;;yes;5;no;Gemüse;yes;2024-10-28;4;1kg;1000g;0.27;g;;;;;;no;2024-10-27;no;lidl
Bio Kartoffeln mehligkochend 1kg;0.0;pro 1kg |;;;2.65;;Schweiz;BIO Organic;84669;https://sortiment.lidl.ch/de/bio-kartoffeln-mehligkochend-1kg-0084669;Gemüse;2024-10-29 19:54:18.207193;yes;;yes;5;no;Gemüse;yes;2024-10-29;4;1kg;1000g;0.27;g;;;;;;no;2024-10-28;no;lidl
Bio Kartoffeln mehligkochend 1kg;0.0;pro 1kg |;;;2.65;;Schweiz;BIO Organic;84669;https://sortiment.lidl.ch/de/bio-kartoffeln-mehligkochend-1kg-0084669;Gemüse;2024-10-30 20:51:01.157397;yes;;yes;5;no;Gemüse;yes;2024-10-30;4;1kg;1000g;0.27;g;;;;;;no;2024-10-29;no;lidl
Bio Kartoffeln mehligkochend 1kg;0.0;pro 1kg |;;;2.65;;Schweiz;BIO Organic;84669;https://sortiment.lidl.ch/de/bio-kartoffeln-mehligkochend-1kg-0084669;Gemüse;2024-10-31 10:28:23.800286;yes;;yes;5;no;Gemüse;yes;2024-10-31;4;1kg;1000g;0.27;g;;;;;;no;2024-10-30;no;lidl
Bio Kartoffeln mehligkochend 1kg;0.0;pro 1kg |;;;2.65;;Schweiz;BIO Organic;84669;https://sortiment.lidl.ch/de/bio-kartoffeln-mehligkochend-1kg-0084669;Gemüse;2024-11-01 09:03:50.881119;yes;;yes;5;no;Gemüse;yes;2024-11-01;4;1kg;1000g;0.27;g;;;;;;no;2024-10-31;no;lidl
Bio Kartoffeln mehligkochend 1kg;0.0;pro 1kg |;;;2.65;;Schweiz;BIO Organic;84669;https://sortiment.lidl.ch/de/bio-kartoffeln-mehligkochend-1kg-0084669;Gemüse;2024-11-03 17:40:10.068931;yes;;yes;5;no;Gemüse;yes;2024-11-03;4;1kg;1000g;0.27;g;;;;;;no;2024-11-01;no;lidl
Bio Kartoffeln mehligkochend 1kg;0.0;pro 1kg |;;;2.65;;Schweiz;BIO Organic;84669;https://sortiment.lidl.ch/de/bio-kartoffeln-mehligkochend-1kg-0084669;Gemüse;2024-11-04 17:18:40.294488;yes;;yes;5;no;Gemüse;yes;2024-11-04;4;1kg;1000g;0.27;g;;;;;;no;2024-11-03;no;lidl
Bio Muskat Kürbis;0.0;pro 1kg |;;;3.99;;Schweiz;BIO Organic;84677;https://sortiment.lidl.ch/de/bio-muskat-kuerbis-0084677;Gemüse;2024-10-27 23:06:55.411551;yes;;yes;9;yes;Gemüse;yes;2024-10-27;3;1kg;1000g;0.4;g;;;;;;no;;;lidl
Bio Muskat Kürbis;0.0;pro 1kg |;;;3.99;;Schweiz;BIO Organic;84677;https://sortiment.lidl.ch/de/bio-muskat-kuerbis-0084677;Gemüse;2024-10-28 18:00:51.015288;yes;;yes;9;yes;Gemüse;yes;2024-10-28;3;1kg;1000g;0.4;g;;;;;;no;2024-10-27;no;lidl
Bio Muskat Kürbis;0.0;pro 1kg |;;;3.99;;Schweiz;BIO Organic;84677;https://sortiment.lidl.ch/de/bio-muskat-kuerbis-0084677;Gemüse;2024-10-29 19:54:18.207193;yes;;yes;9;yes;Gemüse;yes;2024-10-29;3;1kg;1000g;0.4;g;;;;;;no;2024-10-28;no;lidl
Bio Muskat Kürbis;0.0;pro 1kg |;;;3.99;;Schweiz;BIO Organic;84677;https://sortiment.lidl.ch/de/bio-muskat-kuerbis-0084677;Gemüse;2024-10-30 20:51:01.157397;yes;;yes;9;yes;Gemüse;yes;2024-10-30;3;1kg;1000g;0.4;g;;;;;;no;2024-10-29;no;lidl
Bio Muskat Kürbis;0.0;pro 1kg |;;;4.49;;Schweiz;BIO Organic;84677;https://sortiment.lidl.ch/de/bio-muskat-kuerbis-0084677;Gemüse;2024-10-31 10:28:23.800286;yes;;yes;9;yes;Gemüse;yes;2024-10-31;3;1kg;1000g;0.45;g;;;;;;no;2024-10-30;no;lidl
Bio Muskat Kürbis;0.0;pro 1kg |;;;4.49;;Schweiz;BIO Organic;84677;https://sortiment.lidl.ch/de/bio-muskat-kuerbis-0084677;Gemüse;2024-11-01 09:03:50.881119;yes;;yes;9;yes;Gemüse;yes;2024-11-01;3;1kg;1000g;0.45;g;;;;;;no;2024-10-31;no;lidl
Bio Muskat Kürbis;0.0;pro 1kg |;;;4.49;;Schweiz;BIO Organic;84677;https://sortiment.lidl.ch/de/bio-muskat-kuerbis-0084677;Gemüse;2024-11-03 17:40:10.068931;yes;;yes;9;yes;Gemüse;yes;2024-11-03;3;1kg;1000g;0.45;g;;;;;;no;2024-11-01;no;lidl
Bio Muskat Kürbis;0.0;pro 1kg |;;;4.49;;Schweiz;BIO Organic;84677;https://sortiment.lidl.ch/de/bio-muskat-kuerbis-0084677;Gemüse;2024-11-04 17:18:40.294488;yes;;yes;9;yes;Gemüse;yes;2024-11-04;3;1kg;1000g;0.45;g;;;;;;no;2024-11-03;no;lidl
Ebly Zartweizen;0.0;pro 1kg |;;;7.49;;unknown;Ebly;8998;https://sortiment.lidl.ch/de/ebly-zartweizen-0008998;Hülsenfrüchte;2024-10-27 23:06:55.411551;unknown;;yes;9;yes;Obst;no;2024-10-27;2;1kg;1000g;0.75;g;;;;;;no;;;lidl
Ebly Zartweizen;0.0;pro 1kg |;;;7.49;;unknown;Ebly;8998;https://sortiment.lidl.ch/de/ebly-zartweizen-0008998;Hülsenfrüchte;2024-10-28 18:00:51.015288;unknown;;yes;9;yes;Obst;no;2024-10-28;2;1kg;1000g;0.75;g;;;;;;no;2024-10-27;no;lidl
Ebly Zartweizen;0.0;pro 1kg |;;;7.49;;unknown;Ebly;8998;https://sortiment.lidl.ch/de/ebly-zartweizen-0008998;Hülsenfrüchte;2024-10-29 19:54:18.207193;unknown;;yes;9;yes;Obst;no;2024-10-29;2;1kg;1000g;0.75;g;;;;;;no;2024-10-28;no;lidl
Ebly Zartweizen;0.0;pro 1kg |;;;7.49;;unknown;Ebly;8998;https://sortiment.lidl.ch/de/ebly-zartweizen-0008998;Hülsenfrüchte;2024-10-30 20:51:01.157397;unknown;;yes;9;yes;Obst;no;2024-10-30;2;1kg;1000g;0.75;g;;;;;;no;2024-10-29;no;lidl
Ebly Zartweizen;0.0;pro 1kg |;;;7.49;;unknown;Ebly;8998;https://sortiment.lidl.ch/de/ebly-zartweizen-0008998;Hülsenfrüchte;2024-10-31 10:28:23.800286;unknown;;yes;9;yes;Obst;no;2024-10-31;2;1kg;1000g;0.75;g;;;;;;no;2024-10-30;no;lidl
Ebly Zartweizen;0.0;pro 1kg |;;;7.49;;unknown;Ebly;8998;https://sortiment.lidl.ch/de/ebly-zartweizen-0008998;Hülsenfrüchte;2024-11-01 09:03:50.881119;unknown;;yes;9;yes;Obst;no;2024-11-01;2;1kg;1000g;0.75;g;;;;;;no;2024-10-31;no;lidl
Ebly Zartweizen;0.0;pro 1kg |;;;7.49;;unknown;Ebly;8998;https://sortiment.lidl.ch/de/ebly-zartweizen-0008998;Hülsenfrüchte;2024-11-03 17:40:10.068931;unknown;;yes;9;yes;Obst;no;2024-11-03;2;1kg;1000g;0.75;g;;;;;;no;2024-11-01;no;lidl
Ebly Zartweizen;0.0;pro 1kg |;;;7.49;;unknown;Ebly;8998;https://sortiment.lidl.ch/de/ebly-zartweizen-0008998;Hülsenfrüchte;2024-11-04 17:18:40.294488;unknown;;yes;9;yes;Obst;no;2024-11-04;2;1kg;1000g;0.75;g;;;;;;no;2024-11-03;no;lidl
